2588 4230
504 344 710 389 AMBROSIAM.

344 493 504 577 Gaudete,
523 495 680 581 quicquid
701 497 860 582 gentium,

342 598 476 680 Iudaea,
491 596 600 663 Roma
621 606 654 663 et
677 598 826 682 Graecia,

342 702 505 788 Aegypte,
521 700 641 785 Thiar,
657 700 766 784 Persa,
784 701 914 790 Scytha,

341 805 416 871 Rex
439 827 522 870 nnus
544 827 657 872 omnes
678 806 830 892 possidet.

340 975 487 1041 Landete
509 985 653 1042 restrum
674 977 866 1064 principem,

342 1079 464 1145 Omnes
486 1080 573 1145 beati
595 1102 634 1144 sc
655 1081 784 1166 perditi,

340 1182 430 1266 Vivi,
449 1182 607 1248 imbecilli
628 1204 667 1248 ac
689 1184 819 1266 mortni,

339 1284 412 1350 Iam
435 1307 532 1350 nemo
553 1293 626 1373 post
647 1285 728 1351 haee
749 1294 904 1353 mortuus.

340 1455 396 1521 Fit
417 1464 511 1543 porta
533 1455 655 1522 Christi
677 1458 791 1544 pervia

341 1558 479 1626 Referta
501 1560 598 1647 plena
620 1563 735 1649 gratia,

340 1663 534 1751 Transitqne
558 1677 625 1749 ren,
643 1675 676 1731 et
697 1676 867 1753 permanet

341 1757 518 1845 Glausant
539 1769 606 1836 fuit
626 1792 686 1857 per
706 1770 844 1837 saecula.

340 1940 453 2006 Genus
475 1942 605 2027 superni
628 1942 772 2007 numinis

339 2043 502 2110 Processit
523 2045 599 2110 aula
619 2047 765 2133 virginis,

340 2147 492 2233 Sponsus,
510 2149 705 2235 redemptor,
724 2150 882 2233 conditor,

341 2249 428 2314 Snae
447 2252 541 2347 gigas
563 2251 725 2317 ecelesiae.

340 2418 458 2483 Honor
478 2418 591 2482 matris
613 2427 647 2484 et
667 2419 837 2505 gaudium,

340 2521 507 2587 Immensa
528 2543 600 2608 spes
622 2523 834 2608 credentium,

340 2625 407 2692 Per
428 2634 498 2692 atra
520 2627 634 2692 mortis
655 2628 774 2714 pocula

339 2729 487 2813 Resolvit
508 2740 617 2798 nostra
640 2733 787 2799 crimina.

340 2901 437 2989 Lapis
460 2903 500 2968 de
523 2913 634 2970 monte
657 2906 791 2972 veniens

339 3005 567 3094 Mundumque
589 3008 718 3096 replens
739 3011 855 3098 gratia,

339 3107 448 3186 Quem
468 3133 536 3178 non
557 3113 741 3198 praecisum
763 3115 915 3180 manibus

338 3211 441 3289 Vates
462 3217 581 3280 vetusti
602 3217 764 3281 nuntiant.

339 3381 405 3460 Qui
427 3385 563 3449 verbum
586 3407 660 3451 earo
682 3385 791 3450 factus
812 3396 860 3452 est

336 3487 517 3554 Praeconio
539 3488 697 3576 angelice,

336 3590 389 3658 De
412 3591 560 3659 claustris
582 3592 796 3681 virginalibus

336 3696 486 3785 Virginis
508 3698 601 3787 virgo
623 3707 719 3765 natus
741 3707 798 3765 est.
