2588 4230
505 359 748 404 Atucsummn'l.

200 511 266 579 Ubi
281 535 397 601 corpus
411 512 479 578 illic
493 511 566 600 jure
582 520 820 599 congregantur
833 512 982 598 aquilae3

143 615 228 693 ,Quo
244 638 319 682 cum
334 616 459 704 angelis
473 624 507 680 et
522 624 653 681 sanctae
669 624 856 681 recreantur
871 616 1008 698 animae,

154 719 231 786 Uno
246 742 331 807 pane
345 722 460 784 vivunt
475 720 562 784 cives
577 719 743 805 utriusque
758 720 891 807 patriae.
1113 718 1155 781 45

195 908 300 975 Avidi
317 917 351 975 et
367 931 494 997 semper
509 875 598 995 pleni
610 911 698 998 quod
716 910 838 976 habent
854 907 1056 988 desiderant3

152 1012 231 1079 Non
245 1013 376 1078 satietas
389 1012 528 1096 fastidit,
540 1035 647 1099 neque
661 1011 768 1078 fames
783 1013 923 1078 cruciat:

153 1115 322 1183 Inhiantes
337 1137 465 1202 semper
478 1116 590 1199 edunt,
602 1125 636 1181 et
650 1116 783 1182 edentes
797 1115 934 1180 inhiant.

195 1305 306 1374 Novas
321 1327 449 1392 semper
463 1304 622 1370 melodias
636 1326 700 1369 uox
714 1303 844 1371 meloda
858 1313 1039 1391 concrepat,

152 1409 197 1476 Et
210 1411 245 1475 in
259 1410 402 1499 jubilum
418 1409 545 1496 prolata
559 1408 705 1474 mulcent
719 1430 812 1474 aures
826 1431 957 1496 organa,
1116 1409 1157 1469 50

152 1512 266 1602 Digna
280 1534 453 1601 perquem
468 1522 543 1579 sunt
559 1513 697 1578 uictores
711 1514 781 1601 regi
798 1513 878 1579 dant
892 1515 1073 1600 praeconia.

195 1704 292 1771 Felix
306 1706 388 1772 coeli
404 1727 488 1792 quae
503 1715 705 1794 praesentem
722 1729 833 1794 regem
848 1706 952 1772 cemit
967 1706 1086 1788 anima,

152 1807 197 1874 Et
211 1810 272 1875 sub
288 1809 364 1875 sede
379 1819 503 1897 spectat
519 1812 587 1877 alta
602 1812 689 1877 orbis
706 1811 791 1876 volvi
806 1810 1010 1875 machinam:

154 1913 274 1998 Solem,
284 1913 397 1978 lunam
410 1923 445 1980 et
458 1914 592 2002 globosa
607 1938 683 1980 curn
698 1915 836 2002 planetis
851 1914 977 1980 sidera!

196 2102 334 2188 Christe,
344 2102 455 2190 palma
470 2102 748 2187 bellatorum,boc
762 2104 797 2167 in
813 2102 1029 2189 municipium
1115 2105 1155 2166 55

153 2205 310 2275 Introduc
324 2229 378 2272 me
392 2215 466 2293 post
480 2207 622 2271 solutum
637 2206 778 2271 militare
793 2205 960 2291 cingulum
973 2227 981 2286 ;

152 2309 221 2378 Fac
235 2319 417 2377 consortem
433 2309 579 2374 donativi
593 2310 762 2374 beatorum
778 2309 917 2373 civium!

195 2499 320 2569 Probes
335 2500 419 2565 vires
434 2498 624 2564 inexhausto
640 2497 801 2564 laboranti
816 2498 950 2585 proeli0,

153 2603 226 2671 Nee
239 2605 385 2692 quietem
400 2611 472 2691 post
485 2603 691 2689 procinctum
706 2602 847 2690 deneges
862 2603 1007 2686 emerim,

153 2706 264 2794 Teque
280 2729 406 2774 merear
420 2707 518 2795 potiri
532 2708 601 2773 siue
616 2706 682 2773 fine
696 2707 858 2795 praemio!
1115 2706 1156 2769 60

411 2975 444 3018 11.
467 2975 510 3016 DE
532 2974 664 3018 GAL'DIIS
686 2973 847 3017 PARADISI.

368 3105 399 3172 Ο
421 3129 501 3195 gens
522 3110 619 3174 beata
641 3106 806 3190 coelitum,

325 3209 521 3275 Sanctorum
542 3209 687 3295 phalanx
707 3209 903 3296 principum,

322 3311 354 3375 Ο
377 3319 498 3395 quanta
520 3309 585 3376 Dei
608 3311 715 3397 gratia

324 3411 471 3478 Inundat
494 3434 550 3477 ros
572 3435 631 3498 per
653 3412 780 3477 omnia!

326 3516 504 3603 Supremus
526 3516 618 3581 vobis
639 3514 803 3580 Dominus

325 3621 500 3687 Summum
522 3619 579 3686 dat
601 3620 724 3686 bonum
747 3620 893 3687 cominus

325 3725 401 3803 Quo
415 3724 484 3790 frui
506 3725 583 3792 licet
604 3724 763 3792 omuibus.
