<?xml version="1.0" encoding="UTF-8"?>
<!DOCTYPE html PUBLIC "-//W3C//DTD XHTML 1.0 Transitional//EN"
    "http://www.w3.org/TR/xhtml1/DTD/xhtml1-transitional.dtd">
<html xmlns="http://www.w3.org/1999/xhtml" xml:lang="en" lang="en">
 <head>
  <title>
</title>
<meta http-equiv="Content-Type" content="text/html;charset=utf-8" />
  <meta name='ocr-system' content='tesseract 3.04.00' />
  <meta name='ocr-capabilities' content='ocr_page ocr_carea ocr_par ocr_line ocrx_word'/>
</head>
<body>
  <div class='ocr_page' id='page_1' title='image "./latinhymnswithe01marcgoog_0044.png"; bbox 0 0 2588 4230; ppageno 0'>
   <div class='ocr_carea' id='block_1_1' title="bbox 480 338 686 386">
    <p class='ocr_par' dir='ltr' id='par_1_1' title="bbox 480 338 686 386">
     <span class='ocr_line' id='line_1_1' title="bbox 480 338 686 386; baseline 0.005 -3"><span class='ocrx_word' id='word_1_1' title='bbox 480 338 686 386; x_wconf 69' lang='lat' dir='ltr'>AMBROSIAM</span> 
     </span>
    </p>
   </div>
   <div class='ocr_carea' id='block_1_2' title="bbox 322 484 835 865">
    <p class='ocr_par' dir='ltr' id='par_1_2' title="bbox 322 484 835 865">
     <span class='ocr_line' id='line_1_2' title="bbox 323 484 748 573; baseline 0.002 -23"><span class='ocrx_word' id='word_1_2' title='bbox 323 484 454 552; x_wconf 84' lang='lat' dir='ltr'>Mediae</span> <span class='ocrx_word' id='word_1_3' title='bbox 477 487 580 552; x_wconf 87' lang='lat' dir='ltr'>noetis</span> <span class='ocrx_word' id='word_1_4' title='bbox 602 494 748 573; x_wconf 88' lang='lat' dir='ltr'>tempore</span> 
     </span>
     <span class='ocr_line' id='line_1_3' title="bbox 323 588 781 676; baseline 0 -22"><span class='ocrx_word' id='word_1_5' title='bbox 323 588 447 655; x_wconf 89' lang='lat' dir='ltr'>Paulus</span> <span class='ocrx_word' id='word_1_6' title='bbox 470 611 600 676; x_wconf 87' lang='lat' dir='ltr'>quoque</span> <span class='ocrx_word' id='word_1_7' title='bbox 622 599 655 655; x_wconf 89' lang='lat' dir='ltr'>et</span> <span class='ocrx_word' id='word_1_8' title='bbox 677 589 781 655; x_wconf 81' lang='lat' dir='ltr'>Sileas</span> 
     </span>
     <span class='ocr_line' id='line_1_4' title="bbox 322 694 822 759; baseline -0.004 0"><span class='ocrx_word' id='word_1_9' title='bbox 322 694 490 759; x_wconf 82' lang='lat' dir='ltr'>Christum</span> <span class='ocrx_word' id='word_1_10' title='bbox 513 694 615 759; x_wconf 83' lang='lat' dir='ltr'>vincti</span> <span class='ocrx_word' id='word_1_11' title='bbox 637 694 672 757; x_wconf 91' lang='lat' dir='ltr'>in</span> <span class='ocrx_word' id='word_1_12' title='bbox 695 715 822 759; x_wconf 82' lang='lat' dir='ltr'>careere</span> 
     </span>
     <span class='ocr_line' id='line_1_5' title="bbox 322 792 835 865; baseline -0.008 -1"><span class='ocrx_word' id='word_1_13' title='bbox 322 797 555 865; x_wconf 85' lang='lat' dir='ltr'>Collaudantes</span> <span class='ocrx_word' id='word_1_14' title='bbox 577 797 674 864; x_wconf 90' lang='lat' dir='ltr'>soluti</span> <span class='ocrx_word' id='word_1_15' title='bbox 695 806 779 862; x_wconf 90' lang='lat' dir='ltr'>suut.</span> <span class='ocrx_word' id='word_1_16' title='bbox 827 792 835 801; x_wconf 81' lang='lat'>&#39;</span> 
     </span>
    </p>
   </div>
   <div class='ocr_carea' id='block_1_3' title="bbox 318 1003 874 1401">
    <p class='ocr_par' dir='ltr' id='par_1_3' title="bbox 318 1003 874 1298">
     <span class='ocr_line' id='line_1_6' title="bbox 318 1003 874 1086; baseline -0.013 -13"><span class='ocrx_word' id='word_1_17' title='bbox 318 1005 423 1073; x_wconf 84' lang='lat' dir='ltr'>Nobis</span> <span class='ocrx_word' id='word_1_18' title='bbox 445 1005 499 1070; x_wconf 86' lang='lat' dir='ltr'>hie</span> <span class='ocrx_word' id='word_1_19' title='bbox 522 1003 663 1070; x_wconf 90' lang='lat' dir='ltr'>mundus</span> <span class='ocrx_word' id='word_1_20' title='bbox 686 1024 795 1068; x_wconf 85' lang='lat' dir='ltr'>career</span> <span class='ocrx_word' id='word_1_21' title='bbox 816 1010 874 1086; x_wconf 89' lang='lat' dir='ltr'>est,</span> 
     </span>
     <span class='ocr_line' id='line_1_7' title="bbox 320 1105 837 1193; baseline -0.012 -18"><span class='ocrx_word' id='word_1_22' title='bbox 320 1109 368 1175; x_wconf 82' lang='lat' dir='ltr'>Te</span> <span class='ocrx_word' id='word_1_23' title='bbox 389 1111 569 1193; x_wconf 87' lang='lat' dir='ltr'>laudamus,</span> <span class='ocrx_word' id='word_1_24' title='bbox 585 1107 713 1172; x_wconf 81' lang='lat' dir='ltr'>Christe</span> <span class='ocrx_word' id='word_1_25' title='bbox 735 1105 837 1189; x_wconf 89' lang='lat' dir='ltr'>Deus,</span> 
     </span>
     <span class='ocr_line' id='line_1_8' title="bbox 321 1213 778 1298; baseline -0.018 -18"><span class='ocrx_word' id='word_1_26' title='bbox 321 1213 418 1280; x_wconf 86' lang='lat' dir='ltr'>Solve</span> <span class='ocrx_word' id='word_1_27' title='bbox 440 1213 549 1278; x_wconf 84' lang='lat' dir='ltr'>vinela</span> <span class='ocrx_word' id='word_1_28' title='bbox 570 1220 778 1298; x_wconf 78' lang='lat' dir='ltr'>peccatorum</span> 
     </span>
    </p>

    <p class='ocr_par' dir='ltr' id='par_1_4' title="bbox 320 1314 806 1401">
     <span class='ocr_line' id='line_1_9' title="bbox 320 1314 806 1401; baseline -0.008 -20"><span class='ocrx_word' id='word_1_29' title='bbox 320 1316 363 1381; x_wconf 93' lang='lat' dir='ltr'>In</span> <span class='ocrx_word' id='word_1_30' title='bbox 384 1325 426 1401; x_wconf 87' lang='lat' dir='ltr'>te,</span> <span class='ocrx_word' id='word_1_31' title='bbox 442 1316 580 1399; x_wconf 86' lang='lat' dir='ltr'>Christe,</span> <span class='ocrx_word' id='word_1_32' title='bbox 595 1314 806 1380; x_wconf 85' lang='lat' dir='ltr'>credentium.</span> 
     </span>
    </p>
   </div>
   <div class='ocr_carea' id='block_1_4' title="bbox 247 1521 820 1904">
    <p class='ocr_par' dir='ltr' id='par_1_5' title="bbox 247 1521 820 1904">
     <span class='ocr_line' id='line_1_10' title="bbox 247 1521 820 1615; baseline -0.005 -27"><span class='ocrx_word' id='word_1_33' title='bbox 247 1610 249 1615; x_wconf 21' lang='grc' dir='ltr'>Ι</span> <span class='ocrx_word' id='word_1_34' title='bbox 320 1522 449 1611; x_wconf 83' lang='lat' dir='ltr'>Dignos</span> <span class='ocrx_word' id='word_1_35' title='bbox 470 1545 529 1589; x_wconf 88' lang='lat' dir='ltr'>nos</span> <span class='ocrx_word' id='word_1_36' title='bbox 551 1521 617 1607; x_wconf 85' lang='lat' dir='ltr'>fae,</span> <span class='ocrx_word' id='word_1_37' title='bbox 633 1544 692 1589; x_wconf 86' lang='lat' dir='ltr'>rex</span> <span class='ocrx_word' id='word_1_38' title='bbox 712 1521 820 1610; x_wconf 87' lang='lat' dir='ltr'>hagie,</span> 
     </span>
     <span class='ocr_line' id='line_1_11' title="bbox 320 1627 715 1716; baseline -0.005 -22"><span class='ocrx_word' id='word_1_39' title='bbox 320 1627 465 1694; x_wconf 82' lang='lat' dir='ltr'>Venturi</span> <span class='ocrx_word' id='word_1_40' title='bbox 486 1629 579 1716; x_wconf 85' lang='lat' dir='ltr'>regni</span> <span class='ocrx_word' id='word_1_41' title='bbox 601 1627 715 1714; x_wconf 85' lang='lat' dir='ltr'>gloria,</span> 
     </span>
     <span class='ocr_line' id='line_1_12' title="bbox 320 1733 740 1799; baseline -0.01 -2"><span class='ocrx_word' id='word_1_42' title='bbox 320 1733 474 1799; x_wconf 84' lang='lat' dir='ltr'>Aeternis</span> <span class='ocrx_word' id='word_1_43' title='bbox 496 1741 533 1798; x_wconf 91' lang='lat' dir='ltr'>ut</span> <span class='ocrx_word' id='word_1_44' title='bbox 556 1753 740 1799; x_wconf 88' lang='lat' dir='ltr'>mereamur</span> 
     </span>
     <span class='ocr_line' id='line_1_13' title="bbox 319 1836 742 1904; baseline 0 -3"><span class='ocrx_word' id='word_1_45' title='bbox 319 1836 367 1904; x_wconf 79' lang='lat' dir='ltr'>Te</span> <span class='ocrx_word' id='word_1_46' title='bbox 389 1836 540 1902; x_wconf 83' lang='lat' dir='ltr'>laudibus</span> <span class='ocrx_word' id='word_1_47' title='bbox 562 1837 742 1903; x_wconf 82' lang='lat' dir='ltr'>concinere.</span> 
     </span>
    </p>
   </div>
   <div class='ocr_carea' id='block_1_5' title="bbox 267 2214 856 2287">
    <p class='ocr_par' dir='ltr' id='par_1_6' title="bbox 267 2214 856 2287">
     <span class='ocr_line' id='line_1_14' title="bbox 267 2214 856 2287; baseline 0.015 -32"><span class='ocrx_word' id='word_1_48' title='bbox 267 2281 270 2287; x_wconf 31' lang='grc' dir='ltr'>Ι</span> <span class='ocrx_word' id='word_1_49' title='bbox 312 2214 344 2258; x_wconf 85' lang='lat' dir='ltr'>X.</span> <span class='ocrx_word' id='word_1_50' title='bbox 367 2214 411 2258; x_wconf 85' lang='lat' dir='ltr'>DE</span> <span class='ocrx_word' id='word_1_51' title='bbox 433 2216 652 2264; x_wconf 76' lang='lat' dir='ltr'>DEDICATIONE</span> <span class='ocrx_word' id='word_1_52' title='bbox 673 2219 856 2264; x_wconf 80' lang='lat' dir='ltr'>ECCLESIAE.</span> 
     </span>
    </p>
   </div>
   <div class='ocr_carea' id='block_1_6' title="bbox 235 2348 914 2754">
    <p class='ocr_par' dir='ltr' id='par_1_7' title="bbox 236 2348 903 2441">
     <span class='ocr_line' id='line_1_15' title="bbox 236 2348 903 2441; baseline 0.012 -27"><span class='ocrx_word' id='word_1_53' title='bbox 236 2348 374 2433; x_wconf 79' lang='lat' dir='ltr'>Christe,</span> <span class='ocrx_word' id='word_1_54' title='bbox 387 2359 577 2416; x_wconf 84' lang='lat' dir='ltr'>cunetorum</span> <span class='ocrx_word' id='word_1_55' title='bbox 599 2351 785 2418; x_wconf 87' lang='lat' dir='ltr'>dominator</span> <span class='ocrx_word' id='word_1_56' title='bbox 807 2354 903 2441; x_wconf 87' lang='lat' dir='ltr'>alme,</span> 
     </span>
    </p>

    <p class='ocr_par' dir='ltr' id='par_1_8' title="bbox 235 2453 794 2542">
     <span class='ocr_line' id='line_1_16' title="bbox 235 2453 794 2542; baseline 0.007 -24"><span class='ocrx_word' id='word_1_57' title='bbox 235 2453 344 2520; x_wconf 91' lang='lat' dir='ltr'>Patris</span> <span class='ocrx_word' id='word_1_58' title='bbox 366 2455 490 2519; x_wconf 87' lang='lat' dir='ltr'>aeterni</span> <span class='ocrx_word' id='word_1_59' title='bbox 512 2455 642 2542; x_wconf 81' lang='lat' dir='ltr'>genitus</span> <span class='ocrx_word' id='word_1_60' title='bbox 664 2457 705 2521; x_wconf 84' lang='lat' dir='ltr'>ab</span> <span class='ocrx_word' id='word_1_61' title='bbox 728 2479 794 2541; x_wconf 90' lang='lat' dir='ltr'>ore,</span> 
     </span>
    </p>

    <p class='ocr_par' dir='ltr' id='par_1_9' title="bbox 236 2556 914 2754">
     <span class='ocr_line' id='line_1_17' title="bbox 236 2556 914 2648; baseline 0.009 -27"><span class='ocrx_word' id='word_1_62' title='bbox 236 2556 430 2646; x_wconf 82' lang='lat' dir='ltr'>Supplieum</span> <span class='ocrx_word' id='word_1_63' title='bbox 452 2567 527 2624; x_wconf 78' lang='lat' dir='ltr'>vota</span> <span class='ocrx_word' id='word_1_64' title='bbox 548 2559 670 2645; x_wconf 90' lang='lat' dir='ltr'>pariter</span> <span class='ocrx_word' id='word_1_65' title='bbox 693 2582 731 2626; x_wconf 87' lang='lat' dir='ltr'>ae</span> <span class='ocrx_word' id='word_1_66' title='bbox 752 2560 914 2648; x_wconf 88' lang='lat' dir='ltr'>hymnum</span> 
     </span>
     <span class='ocr_line' id='line_1_18' title="bbox 582 2662 878 2754; baseline 0.017 -26"><span class='ocrx_word' id='word_1_67' title='bbox 582 2662 687 2731; x_wconf 88' lang='lat' dir='ltr'>Cerne</span> <span class='ocrx_word' id='word_1_68' title='bbox 709 2665 878 2754; x_wconf 85' lang='lat' dir='ltr'>benignus.</span> 
     </span>
    </p>
   </div>
   <div class='ocr_carea' id='block_1_7' title="bbox 235 2865 893 3269">
    <p class='ocr_par' dir='ltr' id='par_1_10' title="bbox 235 2865 871 2957">
     <span class='ocr_line' id='line_1_19' title="bbox 235 2865 871 2957; baseline 0.009 -25"><span class='ocrx_word' id='word_1_69' title='bbox 235 2865 341 2933; x_wconf 85' lang='lat' dir='ltr'>Cerne</span> <span class='ocrx_word' id='word_1_70' title='bbox 364 2869 452 2954; x_wconf 89' lang='lat' dir='ltr'>quod</span> <span class='ocrx_word' id='word_1_71' title='bbox 472 2891 565 2957; x_wconf 88' lang='lat' dir='ltr'>puro,</span> <span class='ocrx_word' id='word_1_72' title='bbox 577 2868 680 2955; x_wconf 88' lang='lat' dir='ltr'>Deus,</span> <span class='ocrx_word' id='word_1_73' title='bbox 692 2873 728 2937; x_wconf 92' lang='lat' dir='ltr'>in</span> <span class='ocrx_word' id='word_1_74' title='bbox 749 2871 871 2939; x_wconf 89' lang='lat' dir='ltr'>honore</span> 
     </span>
    </p>

    <p class='ocr_par' dir='ltr' id='par_1_11' title="bbox 235 2968 888 3062">
     <span class='ocr_line' id='line_1_20' title="bbox 235 2968 888 3062; baseline 0.011 -28"><span class='ocrx_word' id='word_1_75' title='bbox 235 2968 335 3037; x_wconf 88' lang='lat' dir='ltr'>Plebs</span> <span class='ocrx_word' id='word_1_76' title='bbox 357 2979 414 3038; x_wconf 85' lang='lat' dir='ltr'>tua</span> <span class='ocrx_word' id='word_1_77' title='bbox 436 2975 573 3062; x_wconf 84' lang='lat' dir='ltr'>supplex</span> <span class='ocrx_word' id='word_1_78' title='bbox 594 2984 724 3043; x_wconf 85' lang='lat' dir='ltr'>resonat</span> <span class='ocrx_word' id='word_1_79' title='bbox 745 2977 781 3041; x_wconf 91' lang='lat' dir='ltr'>in</span> <span class='ocrx_word' id='word_1_80' title='bbox 803 2976 888 3059; x_wconf 87' lang='lat' dir='ltr'>aula,</span> 
     </span>
    </p>

    <p class='ocr_par' dir='ltr' id='par_1_12' title="bbox 235 3074 893 3269">
     <span class='ocr_line' id='line_1_21' title="bbox 235 3074 849 3147; baseline 0.008 -9"><span class='ocrx_word' id='word_1_81' title='bbox 235 3074 359 3141; x_wconf 85' lang='lat' dir='ltr'>Annua</span> <span class='ocrx_word' id='word_1_82' title='bbox 381 3077 472 3143; x_wconf 85' lang='lat' dir='ltr'>euius</span> <span class='ocrx_word' id='word_1_83' title='bbox 494 3078 654 3145; x_wconf 82' lang='lat' dir='ltr'>revehunt</span> <span class='ocrx_word' id='word_1_84' title='bbox 675 3079 849 3147; x_wconf 87' lang='lat' dir='ltr'>colendum</span> 
     </span>
     <span class='ocr_line' id='line_1_22' title="bbox 581 3182 893 3269; baseline 0.006 -24"><span class='ocrx_word' id='word_1_85' title='bbox 581 3182 742 3269; x_wconf 88' lang='lat' dir='ltr'>Tempora</span> <span class='ocrx_word' id='word_1_86' title='bbox 763 3182 893 3249; x_wconf 84' lang='lat' dir='ltr'>festum.</span> 
     </span>
    </p>
   </div>
   <div class='ocr_carea' id='block_1_8' title="bbox 233 3381 940 3787">
    <p class='ocr_par' dir='ltr' id='par_1_13' title="bbox 233 3381 809 3454">
     <span class='ocr_line' id='line_1_23' title="bbox 233 3381 809 3454; baseline 0.007 -6"><span class='ocrx_word' id='word_1_87' title='bbox 233 3381 329 3449; x_wconf 82' lang='lat' dir='ltr'>Haec</span> <span class='ocrx_word' id='word_1_88' title='bbox 352 3384 469 3450; x_wconf 87' lang='lat' dir='ltr'>domus</span> <span class='ocrx_word' id='word_1_89' title='bbox 490 3387 552 3451; x_wconf 88' lang='lat' dir='ltr'>rite</span> <span class='ocrx_word' id='word_1_90' title='bbox 574 3388 635 3452; x_wconf 87' lang='lat' dir='ltr'>tibi</span> <span class='ocrx_word' id='word_1_91' title='bbox 657 3389 809 3454; x_wconf 77' lang='lat' dir='ltr'>dedicata</span> 
     </span>
    </p>

    <p class='ocr_par' dir='ltr' id='par_1_14' title="bbox 234 3484 879 3577">
     <span class='ocr_line' id='line_1_24' title="bbox 234 3484 879 3577; baseline 0.003 -25"><span class='ocrx_word' id='word_1_92' title='bbox 234 3484 399 3571; x_wconf 84' lang='lat' dir='ltr'>Noscitur,</span> <span class='ocrx_word' id='word_1_93' title='bbox 415 3488 450 3552; x_wconf 91' lang='lat' dir='ltr'>in</span> <span class='ocrx_word' id='word_1_94' title='bbox 472 3510 538 3575; x_wconf 83' lang='lat' dir='ltr'>qua</span> <span class='ocrx_word' id='word_1_95' title='bbox 558 3490 696 3577; x_wconf 89' lang='lat' dir='ltr'>populus</span> <span class='ocrx_word' id='word_1_96' title='bbox 717 3497 879 3556; x_wconf 86' lang='lat' dir='ltr'>sacratum</span> 
     </span>
    </p>

    <p class='ocr_par' dir='ltr' id='par_1_15' title="bbox 233 3588 940 3787">
     <span class='ocr_line' id='line_1_25' title="bbox 233 3588 787 3679; baseline 0.009 -22"><span class='ocrx_word' id='word_1_97' title='bbox 233 3588 359 3679; x_wconf 83' lang='lat' dir='ltr'>Corpus</span> <span class='ocrx_word' id='word_1_98' title='bbox 381 3593 524 3679; x_wconf 87' lang='lat' dir='ltr'>assumit,</span> <span class='ocrx_word' id='word_1_99' title='bbox 539 3593 623 3660; x_wconf 90' lang='lat' dir='ltr'>bibit</span> <span class='ocrx_word' id='word_1_100' title='bbox 645 3603 678 3662; x_wconf 89' lang='lat' dir='ltr'>et</span> <span class='ocrx_word' id='word_1_101' title='bbox 699 3597 787 3662; x_wconf 88' lang='lat' dir='ltr'>beati</span> 
     </span>
     <span class='ocr_line' id='line_1_26' title="bbox 582 3698 940 3787; baseline 0.011 -25"><span class='ocrx_word' id='word_1_102' title='bbox 582 3698 757 3787; x_wconf 82' lang='lat' dir='ltr'>Sanguinis</span> <span class='ocrx_word' id='word_1_103' title='bbox 779 3700 940 3767; x_wconf 87' lang='lat' dir='ltr'>haustum.</span> 
     </span>
    </p>
   </div>
   <div class='ocr_carea' id='block_1_9' title="bbox 0 0 1298 4230">
    <p class='ocr_par' dir='ltr' id='par_1_16' title="bbox 0 0 1298 4230">
     <span class='ocr_line' id='line_1_27' title="bbox 0 0 1298 4230; baseline 0 1"><span class='ocrx_word' id='word_1_104' title='bbox 0 0 1298 4230; x_wconf 95' lang='lat' dir='ltr'> </span> 
     </span>
    </p>
   </div>
  </div>
 </body>
</html>
