2588 4230
606 1033 730 1111 vm.
966 1136 968 1141 Ι

365 1243 966 1340 FORTUNATUS.

554 1481 788 1492 .-.-.,-.-

467 1645 487 1687 Ι.
506 1644 550 1687 ΒΕ
572 1643 725 1686 PASSIONE
746 1643 871 1686 DOMINI.

192 1779 315 1868 Pange,
330 1781 453 1868 lingua,
469 1777 600 1866 gloriosi
624 1776 785 1863 proelium
808 1778 1005 1860 certamina,

191 1884 235 1949 Et
256 1906 353 1971 super
375 1883 478 1948 errrois
500 1890 632 1967 tropaeo
655 1881 709 1945 dio
731 1881 935 1965 triumphurn
958 1880 1112 1963 nobilem,

192 1988 342 2066 Qualiter·
363 1986 566 2072 Redemptor
588 1985 675 2049 orbis
697 1983 883 2050 immolatus
908 1985 1030 2049 vicerit.

192 2193 245 2259 De
266 2194 409 2281 parentis
431 2192 621 2279 protoplasti
646 2190 764 2257 fraude
786 2190 893 2257 faetor
915 2190 1100 2274 oondolena

163 2298 334 2376 5Quondo
356 2300 446 2386 pomi
468 2299 605 2364 noxialis
629 2318 739 2362 morsu
761 2297 797 2361 ia
822 2306 958 2363 mortem
983 2297 1113 2379 corruit,

193 2402 269 2489 Ipse
292 2403 419 2491 lignum
443 2414 521 2468 tuno
544 2404 677 2486 notavit,
694 2403 815 2468 damna
836 2402 918 2489 ligni
941 2410 979 2465 ut
1000 2401 1144 2465 solveret

193 2607 270 2672 Hoo
292 2629 372 2694 opus
395 2617 522 2672 nostrae
545 2607 658 2671 salutis
680 2608 760 2673 ordo
783 2608 1023 2694 depoposcerat,

194 2710 410 2777 Multiforrnis
432 2710 605 2796 proditoris
628 2733 679 2775 ars
702 2721 738 2774 ut
760 2719 864 2775 artem
886 2710 1026 2793 falleret,

196 2813 239 2879 Et
260 2812 424 2880 modelam
445 2811 548 2877 ferret
569 2813 647 2878 inde
669 2812 769 2878 hostis
792 2814 879 2879 unde
902 2815 1045 2880 laeserat.

145 3028 186 3090 10
197 3022 337 3100 Quando
360 3022 448 3088 venit
469 3043 547 3108 ergo
570 3021 652 3086 sacri
675 3021 845 3108 plenitudo
868 3023 1030 3110 temporie,

195 3126 315 3192 Missus
337 3134 385 3192 est
408 3127 450 3192 ab
473 3147 547 3190 arce
569 3123 678 3190 Patris
700 3136 795 3208 natus
817 3128 903 3193 orbis
925 3127 1082 3211 eonditor,

196 3232 309 3318 Atque
331 3241 445 3298 ventre
467 3229 620 3317 virginali
643 3251 717 3295 earo
739 3228 847 3295 faetus
869 3231 999 3317 prodiit.

196 3436 300 3524 Vagit
322 3434 433 3501 infans
455 3436 540 3500 inter
562 3443 651 3500 areta
673 3436 822 3501 conditus
845 3436 1021 3522 praesepia,

197 3539 349 3605 Membra
370 3539 486 3625 pannis
508 3538 655 3603 involuta
678 3539 769 3624 virgo
791 3548 895 3603 mater
916 3539 1039 3625 alligat,

147 3642 241 3709 15Et
262 3642 360 3730 pedes
383 3661 562 3725 manusque
585 3663 679 3705 crura
702 3641 813 3706 stricta
835 3642 937 3728 cingit
958 3640 1069 3706 fascia.
