2588 4230
500 345 710 390 PRUDENTIUS.

463 682 496 726 11.
515 681 551 724 IN
572 681 762 734 EXSEQUIIS..

345 809 418 875 Iam
442 820 564 876 maesta
586 811 715 897 quiesce
739 811 880 896 querela,

302 913 467 980 Lacrimas
489 915 686 1002 suspendite,
705 916 842 980 matres!

301 1018 422 1084 Nullus
444 1042 502 1084 sua
524 1020 661 1106 pignora
683 1018 830 1105 plangat:
860 1027 863 1031 '

301 1122 391 1189 Mors
413 1124 493 1188 haee
516 1123 677 1208 reparatio
700 1123 786 1186 ritae
808 1131 865 1186 est.

346 1326 513 1403 Quidnam
535 1327 597 1392 sibi
620 1349 696 1391 saxa
718 1336 841 1411 carata,

302 1431 391 1512 Quid
414 1431 551 1518 pulehra
573 1430 689 1496 volunt
709 1431 939 1499 memrmentai

302 1534 369 1600 Res
391 1537 478 1622 quod
501 1535 564 1600 uisi
587 1534 729 1600 ereditur
750 1534 815 1600 illis

301 1639 380 1706 Non
402 1649 539 1722 mortua,
555 1639 611 1705 sed
634 1639 711 1704 data
733 1661 855 1706 somne.

267 1839 271 1846 ’
346 1848 435 1941 Nam
459 1848 547 1934 quod
570 1848 773 1934 requiescere
796 1869 912 1934 eorpus

301 1952 456 2019 Vaeumn
477 1955 545 2019 siue
568 1948 677 2019 meute
700 1953 865 2034 uidemus·

302 2057 455 2144 Spatium
477 2060 575 2123 breve
598 2066 706 2140 restat,
722 2066 759 2123 ut
781 2057 839 2122 alti

301 2160 444 2247 Repetat
467 2161 604 2248 collegia
626 2183 745 2226 seusus.

346 2366 493 2431 Venient
515 2367 580 2431 cito
603 2366 740 2448 saecula,
758 2387 858 2452 quum
882 2367 948 2434 iam

302 2469 418 2541 Soeius
441 2469 529 2535 calor
551 2491 621 2535 ossa
643 2471 771 2550 revisat,
800 2525 804 2530 Α

302 2575 525 2660 Animataque
547 2575 705 2661 sauguine
727 2576 801 2639 rivo

301 2677 501 2743 Habitacula
522 2679 658 2765 pristina
678 2671 791 2766 gestet‘.

346 2883 438 2960 Quae
460 2884 555 2970 pigra
577 2884 737 2949 cadavera
758 2883 885 2970 pridem

299 2985 449 3051 Tumulis
472 2986 658 3074 putrefacta
680 2989 840 3069 iacebant,

302 3089 461 3154 Volueres
484 3092 650 3177 rapientur
671 3092 707 3154 in
729 3112 833 3172 aritae,

301 3193 441 3258 Auimas
463 3195 617 3259 comitata
638 3195 768 3280 priores.
805 3248 812 3257 .
840 3186 846 3195 ⁸

346 3398 401 3462 Sie
423 3398 546 3462 semina
568 3398 654 3462 sicea
676 3399 840 3463 rireseuut

302 3499 375 3566 Iam
397 3509 526 3565 mortua
548 3501 679 3586 iamque
701 3502 837 3587 sepulta,

301 3604 394 3681 Quae
416 3604 543 3670 reddita
561 3603 700 3689 caespite
723 3603 765 3667 ab
787 3603 854 3668 imo

300 3708 438 3776 Veteres
460 3710 661 3775 meditantur
682 3711 803 3776 aristas.
837 3700 839 3705 ⁵
