2588 4230
528 355 688 400 suemus

389 511 533 576 Lavaem
554 508 628 595 puri
650 503 789 593 gurgitis

248 622 257 644 ⁶
348 615 504 683 Coelestis
526 633 629 700 eguus
652 609 780 694 attigit:

347 718 499 800 Peccata,
514 737 599 802 quae
622 735 687 778 nou
711 709 839 792 detulit,

347 823 418 890 Nos
440 819 603 887 abluendo
626 814 763 883 sustulit.

391 1027 560 1094 Miraeulis
583 1024 674 1090 dedit
696 1021 806 1102 fidem,

349 1134 483 1199 Habere
505 1153 538 1196 se
561 1128 671 1194 Deum
695 1134 831 1212 patrem,

351 1236 488 1302 Infirma
509 1254 625 1299 senens
648 1250 792 1315 corpora,

350 1340 559 1406 Resuseitans
583 1336 749 1402 cedevem.

395 1547 528 1614 Novum
550 1566 653 1633 genus
675 1541 857 1630 potentiae:

353 1654 471 1738 Aquae
493 1651 669 1716 rubescunt
691 1646 837 1734 hydriae,

353 1756 546 1841 Viuumque
569 1755 654 1818 iussa
676 1750 816 1815 fundere
847 1817 849 1823 ,

354 1859 497 1925 Mutavit
519 1857 607 1923 unda
629 1856 798 1942 originem.

386 2210 431 2253 111.
450 2210 554 2253 siuve
577 2207 700 2251 susem
714 2207 847 2249 Puuuus.

145 2340 251 2423 Salve,
270 2348 381 2405 saneta
403 2359 529 2424 pareus,
548 2337 644 2401 enixa
666 2357 825 2426 puerpera
844 2334 982 2423 Regem,

145 2442 211 2520 Qui
234 2444 362 2509 eoelum
384 2452 569 2527 terramque
591 2442 675 2528 regit
696 2430 1026 2528 pe1·seeeula',euius

144 2547 277 2624 Numen
295 2557 334 2613 et
355 2557 486 2613 aeterno
510 2546 735 2636 complectens·
750 2546 860 2612 omnia
880 2567 961 2634 gyro

146 2650 328 2737 Imperium
350 2651 419 2714 siue
441 2647 507 2714 fine
530 2657 658 2732 manet3
693 2672 777 2737 quae
800 2658 912 2716 ventre
934 2653 1030 2716 beato

146 2754 277 2829 Gaudia
299 2755 412 2818 matris
433 2753 556 2819 hebens
579 2777 656 2819 eum
678 2755 874 2842 virginitatis
895 2754 1027 2837 honore,
1131 2760 1150 2824 5

146 2857 217 2922 Nee
242 2859 383 2944 primam
408 2858 550 2924 similem
573 2858 640 2923 visa
666 2869 723 2941 est,
742 2881 802 2923 nee
823 2859 943 2924 hebere
968 2879 1100 2943 sequeu-

234 2971 300 3025 tem
310 2983 319 3044 3

148 3064 224 3130 Sola
246 3065 315 3130 sine
337 3064 488 3152 exemplo
509 3065 659 3152 placuisti
681 3063 807 3129 femina
828 3064 975 3130 Christo!

148 3167 286 3249 Christe,
303 3166 382 3232 fave
411 3169 503 3252 uotis,
522 3169 578 3253 qui
607 3167 769 3232 muudum
798 3169 834 3230 iu
862 3179 968 3234 morte
997 3169 1101 3236 iaeeu-

234 3279 303 3336 tem

147 3373 327 3441 Vivifieare
350 3372 461 3440 volens
484 3373 648 3458 quondam
671 3381 798 3438 terrena
820 3375 946 3461 petisti!
