2588 4230
517 402 677 446 IlILARIL'S.

336 554 379 620 Et
401 563 438 620 tu
459 555 685 640 suspirantem,
696 553 797 636 Deus,

336 657 401 722 Vel
424 666 500 723 rota
522 658 786 744 supplicantium,

336 761 402 826 Vel
424 762 523 827 corda
545 760 773 826 confitentium

336 864 474 952 Semper
494 866 657 953 benignus
678 865 795 952 aspioe.

335 1072 405 1139 Nos
426 1073 509 1139 lucis
533 1081 622 1140 ortus
644 1074 799 1140 admonet

234 1229 237 1234 .
336 1176 455 1242 Grates
477 1176 607 1244 deferre
630 1179 765 1261 debitas,

336 1278 477 1365 Tibique
499 1280 614 1345 laudes
636 1282 756 1365 dicere,

336 1381 435 1459 Quod
456 1405 521 1448 nox
542 1384 679 1449 obscura
701 1386 863 1471 praeterit.

339 1590 411 1676 [Et]
438 1593 528 1660 diem
549 1617 722 1682 precamur
744 1601 878 1686 bouum,

334 1693 384 1760 Ut
404 1706 540 1782 nostros,
556 1698 716 1785 Salvator,
734 1712 825 1770 actus

337 1797 533 1865 Sinceritate
555 1800 682 1886 perpeti

337 1903 419 1968 Pius
440 1903 583 1991 benigue
604 1903 753 1968 instruas.

348 2261 393 2304 III.
416 2262 460 2304 Dr}
482 2261 585 2304 Luc'ru
607 2259 853 2304 Ponnrrnuffls.

252 2395 310 2461 Ad
333 2397 416 2463 coeli
439 2397 528 2462 clara
548 2419 617 2462 non
638 2418 710 2461 sum
733 2397 853 2483 dignus
875 2395 981 2460 sidera

250 2497 373 2566 Levare
396 2521 485 2565 meos
506 2497 656 2566 infelices
678 2499 797 2582 oculoS,

252 2602 356 2668 Gravi
379 2602 546 2690 depressus
568 2610 778 2690 peccatorum
800 2602 959 2690 pondere:

250 2704 365 2799 Parce,
382 2706 601 2794 Redemptor!

249 2909 382 2980 Bonum
403 2915 534 3004 neglexi
555 2914 674 3001 faeere,
693 2917 782 3003 quod
803 2915 913 3000 debui,

251 3015 414 3086 Probrosa
434 3021 520 3109 gessi
541 3022 611 3087 sine
633 3020 699 3087 fine
721 3021 867 3102 erimina,

251 3119 364 3188 Scelus
385 3124 512 3210 patravi
534 3124 626 3190 nullo
649 3125 795 3190 clausurn
818 3123 975 3190 termino:

251 3222 406 3311 Subveni,
425 3225 570 3294 Christe!
1003 3221 1009 3232 ’

250 3428 377 3520 Lugere
399 3435 497 3500 modo
520 3457 573 3500 me
595 3435 758 3522 permitte,
776 3423 930 3517 Domine,

251 3533 353 3621 Mala,
371 3559 455 3624 quae
476 3539 571 3625 gessi,
589 3560 663 3604 reus
685 3540 728 3605 ab
749 3537 902 3622 infantia,
1086 3546 1127 3605 10

249 3638 414 3708 Lacrimas
434 3642 518 3708 mihi
540 3653 597 3709 tue
619 3643 720 3711 donet
740 3645 847 3734 gratia

250 3745 365 3813 Oordis
386 3748 428 3813 ab
451 3748 526 3814 imo.
