2588 4230
411 313 652 359 Audusulu'luul.

315 471 345 533 O
369 477 491 555 quauta
512 467 566 532 hie
588 475 664 531 suut
685 465 816 552 gaudia,

274 573 384 649 Quam
406 572 511 637 duleis
534 578 627 635 sonat
650 569 782 650 musica,

274 675 368 753 Quae
391 697 508 741 uocum
529 674 584 737 hie
607 672 789 754 eoncordia,

276 779 369 856 Quae
391 779 495 843 fidum
518 787 566 842 est
587 776 766 848 harmonia.

275 885 306 948 Ο
329 905 430 970 quam
453 883 629 946 miscentur
651 880 800 962 dulciter,

276 986 386 1064 Quam
408 987 554 1052 tinniunt
575 984 733 1049 suaviter:

276 1091 336 1156 Nil
357 1099 405 1156 est
427 1091 575 1155 auditum
599 1088 724 1153 taliter!

321 1296 432 1363 Deum
454 1297 572 1361 videtis
594 1295 775 1382 principem

275 1401 329 1468 De
350 1402 437 1468 facie
459 1402 502 1467 ad
524 1400 655 1482 faciem,

278 1507 330 1572 Eu
352 1528 416 1593 quo
440 1506 530 1571 vobis
552 1504 702 1570 coelestia

277 1608 467 1675 Nascuntur
488 1618 578 1674 tanta
592 1608 723 1696 gaudia,

279 1713 412 1791 Quanta
433 1736 494 1779 uec
517 1713 607 1779 uidet
628 1712 751 1795 oculus,

278 1818 350 1884 Nec
373 1817 459 1882 ullus
481 1818 569 1905 oepit
591 1817 768 1882 auribus-

278 1922 346 1989 Hic
368 1921 509 1987 mundus
531 1920 638 1988 sordet
660 1921 819 1987 omuibus.

142 2307 183 2351 111.
202 2304 391 2349 ANTIDOTUM
413 2302 540 2347 CONTRA
562 2303 779 2348 TYRANNIDEM
799 2306 942 2352 fucum.

277 2436 378 2519 Quid,
394 2436 547 2523 tyranne!
571 2435 651 2520 quid
674 2437 828 2504 minaris?

279 2540 370 2618 Quid
392 2561 531 2624 usquam
552 2560 732 2624 poenarum
754 2550 811 2625 est,

279 2644 448 2730 Quidquid
472 2643 606 2709 tandem
628 2644 840 2712 machinaris:

277 2748 354 2815 Hoc
376 2748 499 2812 amanti
521 2770 638 2834 parum
660 2758 716 2814 est.

367 2852 475 2918 Dulce
497 2852 580 2917 mihi
602 2854 748 2937 cruciari,

366 2956 474 3023 Parva
496 2958 544 3022 vis
567 2958 686 3024 doloris
708 2969 770 3024 est:

368 3059 487 3126 “Malo
509 3062 592 3127 mori
615 3083 713 3147 quum
735 3062 863 3128 foedari
873 3062 899 3130 !’'

363 3162 473 3252 Major
494 3165 542 3228 vis
564 3166 682 3230 umoris
705 3178 760 3230 est.

282 3369 370 3436 Para
392 3391 496 3457 rogoq
512 3369 659 3454 quamvis
682 3378 796 3455 truueq

282 3474 327 3540 Et
349 3473 487 3560 quiquid
508 3471 685 3559 flagrorum
707 3483 773 3558 est3

282 3579 382 3644 Adde
404 3576 539 3660 ferrum,
555 3575 638 3642 adde
660 3600 786 3644 cruces:

280 3673 340 3746 Nil
363 3681 470 3746 adhuc
492 3681 615 3746 amanti
638 3692 693 3746 est.

548 3781 575 3845 C
