2588 4230
436 366 616 411 GREGORIUS
637 366 781 412 MAGNUS.

457 629 489 671 V.
507 627 551 670 DE
572 626 760 670 EPIPHANIA.

262 762 426 828 Nuntium
448 762 539 827 vobis
561 761 633 826 fero
655 761 696 826 de
718 762 874 848 superma,

217 867 324 934 Natus
346 876 394 933 ast
416 867 574 950 Christus,
589 866 773 931 dominator
795 866 891 951 omia,

219 968 261 1033 In
282 969 435 1036 Bethlem
459 968 571 1051 Iudae,
586 969 689 1034 veluti
710 967 869 1054 propheta

521 1071 660 1139 Dixerat
682 1081 766 1138 ante.

261 1244 363 1309 Hune
386 1246 475 1310 canit
496 1245 600 1310 laetus
623 1245 738 1309 chorus
760 1245 961 1332 angelorum,
1118 1251 1138 1313 5

219 1347 324 1414 Stella
345 1348 498 1431 declarat,
513 1349 649 1413 veniunt
670 1347 732 1413 Eoi

218 1450 389 1540 *Principes
411 1453 549 1540 dignum
571 1451 733 1517 celebrare
755 1452 892 1536 cultum,

521 1552 664 1640 Mystiea
686 1553 780 1619 dena.

263 1725 352 1792 Thus
373 1726 458 1812 Deo,
475 1727 642 1815 myrrham
665 1729 821 1794 trocleten
834 1727 1022 1817 humando,

218 1830 371 1900 Braeteas
392 1834 463 1922 regi
484 1833 633 1920 chryseas
654 1832 769 1917 tulere,
1096 1837 1138 1900 10

217 1935 310 2003 Dum
333 1938 444 2005 eolunt
465 1960 579 2020 unum,
595 1938 773 2003 meminere
795 1937 881 2004 trino

521 2041 600 2106 Tres
623 2041 701 2107 dare
724 2051 825 2107 terna.

327 2319 372 2364 v1.
390 2319 526 2362 HYMNUS
548 2318 585 2361 IN
606 2319 662 2361 DIE
683 2319 892 2364 PENTEOOSTE.

392 2452 493 2533 Veni,
505 2461 630 2518 creator
652 2451 801 2539 Spirstnn,

391 2557 521 2623 Mentes
543 2564 673 2622 tuorum
696 2558 800 2641 visita,

390 2656 497 2748 imple
518 2683 658 2748 superna
678 2661 784 2749 gratia

392 2766 485 2843 Quae
507 2774 544 2831 tu
566 2766 680 2831 creasti
702 2775 842 2853 pectora.

391 2939 458 3017 Qui
473 2939 656 3006 Paraelitus
678 2940 805 3024 dlcerin,

389 3044 524 3110 Donum
546 3043 611 3109 Dei
634 3043 792 3127 altissimi,

390 3146 478 3213 Fons
499 3148 603 3241 viana,
617 3147 712 3233 ignis,
729 3148 854 3231 caritaS,

391 3249 434 3313 Et
455 3249 608 3336 spiritalis
631 3250 751 3314 unctio.

391 3419 443 3484 Tu
465 3419 664 3505 septiformis
687 3441 831 3503 munere,
868 3404 872 3414 ⁸

387 3522 532 3589 Dextrae
553 3522 620 3587 Dei
642 3532 679 3588 tu
701 3524 832 3612 digituS,

391 3627 443 3692 Tu
464 3628 526 3692 rite
547 3628 741 3715 promissum
764 3627 872 3695 Patris

389 3732 546 3800 Sermone
568 3732 675 3800 ditans
696 3741 838 3821 guttura.
