2588 4230
490 360 703 413 recubamus

338 511 474 576 Gremio
496 511 580 576 senis
602 511 715 577 addita
736 512 839 578 sancti

293 615 488 697 Recubabit,
504 624 540 679 ut
562 622 610 679 est
627 613 771 706 Eleazar,

295 720 403 798 Quem
424 720 557 785 floribus
579 719 725 807 undique
746 729 875 808 septum

293 825 395 891 Dives
417 824 531 911 procul
553 824 668 911 aspicit
690 825 815 890 ardens.

337 1031 513 1118 Sequimur
534 1041 591 1098 tua
613 1031 709 1115 dicta,
723 1030 934 1118 Redemptor,

294 1135 422 1213 Quibus
443 1144 514 1201 atra
535 1143 643 1206 morte*
662 1135 875 1222 triumphem,

294 1239 366 1306 Tua
386 1262 445 1326 per
468 1240 604 1327 uestigia
624 1239 761 1305 mandas

295 1343 429 1409 Socium
452 1344 555 1409 crucis
579 1343 627 1408 ire
653 1343 820 1409 iatronem.

336 1548 434 1616 Patet
456 1571 530 1616 ecce
552 1549 703 1616 fidelibus
725 1551 826 1638 ampli

293 1654 360 1721 Via
380 1655 492 1720 lucida
513 1655 579 1720 iam
597 1654 757 1737 Paradisi,

292 1757 384 1824 Licet
406 1767 439 1825 et
460 1780 576 1826 nemus
598 1760 681 1825 iliud
706 1761 806 1844 adire,

293 1862 431 1928 Homini
453 1864 542 1950 quod
564 1862 731 1930 ademerat
753 1865 875 1952 anguis.

336 2071 406 2136 Nos
428 2079 515 2137 tecta
536 2070 721 2138 fovebimus
744 2094 814 2138 ossa

293 2174 401 2240 Violis
423 2182 456 2240 et
477 2173 596 2240 fronde
619 2174 794 2261 frequenti,

294 2276 507 2363 Titulumque
530 2286 563 2342 et
584 2276 709 2365 frigida
731 2300 809 2344 saxa

264 2367 270 2381 ’
294 2379 435 2467 Liquido
457 2401 645 2468 spargemus
667 2381 774 2448 odoro.

403 2762 449 2808 111.
468 2761 514 2806 AD
536 2762 634 2808 GALLI
656 2762 798 2810 CANTUM.

242 2886 244 2891 ’
339 2896 429 2980 Ales,
445 2897 511 2965 diei
533 2899 676 2984 nuntius,

297 2999 420 3068 Lucem
441 3002 659 3089 propinquam
681 3004 859 3090 praecinit3

296 3103 367 3169 Nos
389 3106 547 3171 excitator·
568 3107 730 3173 mentium

299 3206 373 3271 Iam
396 3207 544 3274 Christus
566 3210 609 3274 ad
631 3210 734 3276 vitam
755 3219 860 3277 uocat.

342 3415 362 3449 “
372 3411 542 3498 Aufe1·te,'’
559 3415 688 3496 clamat,
704 3418 723 3453 “
731 3416 876 3502 lectulos,

299 3517 436 3604 Aegros‚
454 3538 592 3604 soporos,
611 3519 747 3603 desides,

300 3619 455 3706 Oastique
476 3620 557 3686 recti
578 3643 617 3687 ac
638 3622 737 3688 sobrii

300 3724 464 3810 Vigilate:
487 3725 554 3790 iam
577 3748 649 3791 sum
671 3727 838 3814 proximus
847 3727 875 3795 Ψ
