2588 4230
373 415 469 460 ADAM
490 416 533 460 DE
555 415 598 461 SC.
610 415 756 461 VIGTORE.

304 565 443 631 Formae
465 564 610 631 formant
631 565 811 652 figurarum

304 667 440 734 Formas
462 668 757 756 Evangelistarum,

306 772 455 850 Quorum
477 773 584 839 imber
605 772 826 838 doctrinarum

349 877 460 944 Stillat
480 878 517 942 iu
538 875 703 958 Ecclesia3

305 981 354 1047 Hi
376 990 452 1048 suut
471 980 603 1047 Marcus
625 989 658 1046 et
678 978 875 1067 Matthaeus,

306 1085 419 1170 Lucas,
435 1094 468 1151 et
490 1107 589 1172 quem
612 1085 798 1153 Zebedaeus

306 1188 406 1254 Pater
427 1189 488 1254 tibi
510 1190 608 1273 misit,
619 1189 721 1274 Deus,

264 1381 268 1387 .
349 1290 442 1355 Dum
464 1290 588 1358 laxaret
611 1296 700 1360 retia.

307 1532 461 1600 Formam
484 1535 546 1600 viri
569 1536 649 1602 daut
668 1536 847 1623 Matthaeo,

308 1637 396 1714 Quia
417 1638 544 1727 scripsit
564 1641 611 1707 sic
633 1642 675 1708 da
696 1641 780 1725 Deo,

309 1741 401 1807 Sicut
423 1743 592 1811 deseendit
613 1747 655 1812 ab
678 1768 726 1829 eu,

350 1847 458 1924 Quem
480 1848 662 1935 plasmavit,
673 1849 814 1916 homine.

307 1949 420 2018 Lucas.
434 1954 491 2019 bos
514 1962 562 2019 est
583 1953 755 2042 iu'figura,

308 2053 357 2121 Ut
378 2065 614 2144 praemonstrat
635 2057 672 2121 in
694 2057 872 2144 Scriptura,

307 2158 500 2229 Hostiarum
523 2169 659 2247 tangens
680 2161 753 2224 iura

351 2263 448 2352 Legis
470 2264 530 2329 sub
556 2263 725 2328 velamine.

309 2502 451 2585 Marcus,
465 2502 517 2569 leo
538 2524 598 2588 pcr
619 2502 785 2567 desertum

309 2607 473 2689 crasans,
488 2608 577 2693 rugit
599 2606 634 2670 iu
658 2614 816 2693 apertum,

309 2711 378 2779 Iter
400 2710 458 2776 fiat
478 2709 551 2776 Deo
575 2719 711 2794 certum,

352 2814 518 2880 Mundum
536 2815 596 2880 cor
617 2837 637 2880 a
659 2815 805 2882 crimine.

310 2919 376 2986 Sed
394 2919 567 3003 Iohannes,
583 2918 636 2984 ala
657 2919 736 2985 bina

310 3024 470 3109 Caritatis,
486 3025 633 3112 aquilina

309 3127 429 3195 Forma
450 3128 557 3196 icitur
577 3130 612 3193 in
635 3130 748 3195 diviua

353 3232 484 3297 Puriori
505 3231 639 3297 lumine.

311 3470 460 3548 Quatuor
481 3470 669 3537 describunt
689 3472 743 3538 isti

311 3573 560 3652 Quadriforr'nes
583 3582 673 3640 actus
696 3574 828 3661 Christi,

309 3675 353 3745 Et
372 3676 579 3766 figu1·aut,'ut
600 3677 728 3761 audisti,

354 3782 501 3871 Quisque
523 3805 581 3848 sua
602 3780 754 3849 formula
783 3830 789 3835 -

977 391 1040 456 141

1052 676 1093 738 10
