2588 4230
347 1077 946 1224 Ausaosrnnr.

537 1304 761 1314 ...—

340 1482 342 1486 ⁴
432 1459 453 1502 1.
475 1458 526 1520 un,
548 1458 651 1520 nunu,
672 1436 867 1501 nanninus!

172 1591 221 1660 Te
235 1591 347 1660 Deum
361 1591 544 1675 laudamus,
556 1599 588 1656 te
604 1588 789 1656 Dominum
802 1588 1004 1658 confitemur.

172 1692 221 1757 Te
236 1701 405 1758 aeternum
420 1688 555 1754 Patrem
572 1688 677 1753 ornnis
692 1697 779 1754 terra
795 1699 976 1754 veneratur.

174 1789 250 1856 Tibi
265 1810 378 1856 ornnes
398 1786 517 1874 angeli,
529 1787 592 1853 tibi
610 1789 741 1855 oooli'et
757 1792 925 1858 universae
944 1801 1127 1880 potestates,

173 1893 250 1959 Tibi
272 1892 441 1959 cherubim
460 1900 494 1958 et
514 1892 678 1980 seraphim
700 1894 884 1961 incessabili
904 1920 983 1964 voce
1004 1899 1128 1986 procla·

259 2007 368 2062 mant:

144 2099 322 2185 bsanotua
338 2111 477 2184 sanctus,
492 2111 623 2167 sauctus
645 2101 810 2169 Dominus
831 2102 923 2170 Deus
947 2105 1108 2172 Sabaoth!

173 2203 270 2270 Pleni
291 2213 367 2270 sunt
389 2205 471 2271 coeli
493 2215 528 2272 et
550 2215 637 2272 terra
660 2208 839 2274 maiestatis
861 2209 986 2296 gloriae
1008 2218 1093 2275 tuae.

173 2307 221 2373 Te
249 2308 408 2395 gloriosus
434 2313 656 2400 apostolorum
684 2314 811 2398 chorus,
832 2322 865 2380 te
894 2311 1128 2400 prophetarum

260 2414 433 2481 laudabilis
457 2441 621 2502 numerus,

173 2514 221 2581 Te
242 2528 424 2606 martyrum
450 2522 643 2592 candidatus
665 2522 780 2587 laudat
802 2520 984 2603 exereitus3

175 2618 223 2685 Te
248 2642 308 2706 per
329 2623 442 2687 orbern
464 2632 625 2688 terrarum
647 2633 761 2689 saneta
783 2623 957 2688 confitetur
978 2621 1126 2704 ecelesia,

136 2721 310 2788 iOPatrern
326 2721 505 2784 immensae
524 2719 711 2803 maiestatis,
722 2721 944 2786 venerandum
962 2729 1056 2787 tuum
1077 2745 1127 2786 ro-

261 2847 335 2889 rum
353 2832 386 2888 et
405 2823 538 2887 unicurn
554 2821 687 2904 Filium,

176 2928 335 2993 Sanctum
353 2946 482 3012 quoquo
497 2923 698 2989 Paracliturn
718 2923 888 3012 Spiritum.

175 3031 227 3096 Tu
242 3030 315 3096 Rex
332 3030 466 3117 gloriae,
478 3027 615 3111 Christe,

175 3135 228 3199 Tu
242 3133 350 3199 Patris
368 3133 582 3219 sempiternus
600 3154 634 3198 es
649 3130 763 3198 Filius.

176 3238 228 3304 Tu
246 3239 288 3304 ad
303 3238 512 3304 liberandum
528 3245 735 3325 suscepturus
752 3236 919 3303 hominem

136 3347 165 3410 ib
176 3342 253 3409 Non
270 3341 424 3407 horruisti
439 3343 575 3428 virginis
593 3353 731 3408 uterum.

176 3447 238 3531 Tu,
253 3447 382 3513 devicto
399 3448 513 3511 mortis
531 3445 655 3530 aorrleo,

176 3551 348 3639 Aperuisti
366 3551 573 3616 credentibus
591 3571 693 3636 regua
710 3548 884 3614 coelorum.

176 3657 229 3722 Tu
247 3657 290 3722 ad
308 3655 475 3721 dexteram
492 3652 556 3718 Dei
576 3653 667 3718 sedes
684 3653 718 3716 in
737 3651 842 3738 gloria
857 3649 976 3717 Patris.
