2588 4230
593 326 802 373 AMBROSIAM.

352 471 420 537 Hic
442 473 635 538 sacrosancti
656 472 768 539 latices
789 478 937 538 veternas

351 574 494 640 Dilunnt
516 576 636 663 culpas,
650 577 881 663 perimuntque
895 596 997 642 noxas

352 677 534 746 Chrismate
557 702 756 767 ver0,genus
777 688 811 744 et
833 686 960 745 creatur

440 782 451 797 “
698 782 974 849 Christicolarum.

350 952 419 1019 Hic
440 955 526 1019 salus
548 955 662 1041 aegris,
677 954 840 1019 medicina
862 952 964 1037 fessis,

350 1057 477 1123 Lumen
500 1058 632 1141 orbatis,
644 1058 802 1144 veniaque
824 1059 942 1123 nostris

351 1160 471 1228 Fertur
492 1160 631 1246 offensis,
647 1162 746 1228 timor
767 1170 865 1250 atque
887 1183 1016 1228 moeror

696 1264 837 1332 Pellitur
857 1268 971 1334 omnis,

350 1437 530 1506 Daemonis
551 1461 647 1505 saeva
668 1441 753 1526 perit
775 1441 829 1506 hic
851 1441 976 1528 rapina,

348 1541 509 1609 Pervieax
531 1552 714 1608 monstrum
733 1552 839 1629 pavet,
852 1552 885 1608 et
906 1551 1033 1610 retenta

350 1645 496 1734 Corpora
516 1646 668 1732 linquens
690 1644 779 1731 fugit
800 1646 834 1709 in
858 1655 997 1712 remotas

695 1749 805 1836 Ocyns
826 1750 967 1816 umbras.

350 1925 419 1991 Hie
440 1925 531 1992 locus
552 1947 671 2013 nempe
693 1926 855 1991 vocitatur
876 1925 951 1990 aula

350 2030 451 2119 Regis
473 2031 598 2096 aeterni
620 2031 780 2117 niveaque
803 2029 885 2096 eceli

349 2134 451 2202 Porta
472 2157 557 2222 quae
578 2144 705 2202 sanctos
727 2135 867 2222 patriam
888 2142 1034 2222 petentes

694 2240 827 2328 Accipit
848 2261 969 2306 omnes.

277 2436 280 2442 ⁴
350 2413 461 2482 Turbo
477 2437 577 2502 quam
598 2417 710 2483 nullus
727 2418 842 2503 quatit,
858 2423 915 2482 aut
930 2423 1084 2502 vagantes

348 2517 496 2585 Diruunt
517 2520 607 2586 venti
629 2529 865 2608 penetrantque
887 2519 1002 2602 nimbi,

349 2620 426 2689 Non
449 2623 540 2689 tetris
561 2623 662 2688 laedit
684 2625 795 2710 piceus
818 2624 960 2689 tenebris

695 2725 849 2791 Tartarus
870 2725 1012 2791 horrens.

351 2895 555 2972 Quaesumus
577 2916 663 2983 erge,
676 2893 777 2979 Dens,
790 2905 826 2961 ut
848 2918 959 2962 sereno

350 3000 489 3063 Annuas
510 2997 615 3080 vultu,
629 2996 772 3065 famulos
793 3001 976 3088 gnbemans

351 3101 418 3180 Qui
440 3110 496 3168 tuo
518 3123 645 3168 summo
667 3101 831 3171 celebrant
853 3127 963 3171 amore

695 3206 825 3273 Gaudia
847 3208 971 3296 templi.

350 3377 453 3445 Nulla
475 3400 533 3446 nos
555 3379 640 3445 vitae
664 3380 808 3447 crucient
830 3381 975 3463 molesta,
998 3386 1000 3390 ’

352 3485 426 3550 Sint
447 3485 516 3551 dies
538 3484 615 3551 laeti
638 3485 850 3571 placidaeque
871 3495 991 3567 noctes,

350 3586 471 3653 Nullus
492 3611 532 3654 ex
554 3589 647 3654 nobis
669 3598 825 3675 pereunte
849 3589 973 3652 mundo

697 3691 823 3756 Sentiat
845 3691 944 3776 ignea
