2588 4230
265 362 329 427 142
549 377 644 425 anau
664 379 710 422 nn
732 377 934 425 savra'ronra

481 529 589 595 Natus
609 529 708 595 homo
729 528 922 612 declaratur,

362 705 363 708 ,
481 634 616 701 Vitulus
637 632 843 717 sacrificatur,
970 655 973 660 ·

481 737 548 805 Leo
571 746 710 820 mortem
732 736 957 824 depraedatur,

524 841 569 908 Et
590 841 736 907 aseendit
758 840 876 927 aquila.

482 1083 568 1150 Eeaa
590 1081 700 1150 forma
720 1083 874 1166 bestialis,
955 1143 958 1150 .

483 1189 593 1266 Quam
614 1189 773 1276 scriptura
794 1187 991 1275 prophetalis

481 1293 604 1378 Notat3
629 1294 687 1360 sed
710 1294 886 1359 materialis

525 1397 620 1464 Haeo
642 1406 691 1464 est
712 1397 886 1485 impositio.

483 1501 628 1568 Currant
649 1503 737 1585 rotis,
749 1501 862 1567 volant
883 1501 962 1584 alis3

483 1605 573 1672 Inest
594 1629 705 1672 sensus
727 1606 897 1694 spiritalis3

483 1709 570 1776 Rota
591 1732 718 1797 gressus
740 1719 788 1776 est
810 1709 965 1796 aequalis,

416 1892 419 1898 1
526 1814 593 1879 Ara
615 1815 854 1902 contemplatio.

483 2053 659 2120 Paradisus
681 2053 732 2118 his
753 2053 887 2142 rigatur,

483 2158 590 2243 Viret,
604 2156 708 2242 floret,
723 2155 951 2244 foecundatur,

432 2271 437 2280 “
483 2262 548 2328 His
570 2263 724 2346 abundat,
738 2262 790 2328 his
812 2263 953 2331 laetatur

528 2366 676 2444 Quatuor
697 2367 905 2434 fluminibus:

483 2470 571 2537 Fons
593 2481 643 2538 ast
662 2471 819 2556 Christus,
834 2473 870 2538 hi
892 2481 968 2538 sunt
989 2473 1061 2558 riri,

483 2573 571 2640 Fons
592 2583 641 2640 est
662 2575 756 2659 altus,
770 2576 806 2641 hi
827 2577 974 2664 proclivi,

484 2677 532 2744 Ut
554 2700 704 2764 saporem
726 2677 828 2746 fontis
851 2681 916 2745 riri

527 2780 716 2847 Ministrent
737 2782 898 2848 fidelibus.

484 3019 616 3086 Horum
638 3020 708 3086 rivo
730 3022 885 3090 debriatis

486 3123 564 3190 Sitis
587 3133 710 3190 crescat
732 3126 883 3211 caritatis,

485 3226 534 3293 Ut
556 3227 597 3294 de
619 3227 712 3295 fonte
734 3231 864 3317 pietatis

529 3331 694 3398 Satiemur
714 3334 850 3421 plenius.
868 3323 874 3334 ¹

484 3434 615 3503 Horum
637 3436 746 3504 trahat
766 3446 825 3505 nos'
848 3440 996 3506 doctrina

484 3539 653 3607 Vitiorum
674 3541 715 3606 de
737 3544 873 3626 sentina,
1001 3559 1004 3564 ’

486 3642 607 3730 Sisque
628 3644 727 3710 ducat
748 3645 791 3710 ad
813 3647 925 3712 divina

528 3747 585 3812 Ab
607 3747 674 3813 imo
696 3749 850 3835 superius.
