2588 4230
515 368 722 412 AMBROSIAM.

114 592 120 602 ,
140 518 247 585 Iudex
261 519 401 586 crederis
416 541 483 585 csse
499 527 652 584 venturus
662 520 714 584 i-

141 622 188 690 Te
202 646 280 712 ergo
295 646 500 712 quaesumus,
512 625 577 689 tuis
591 621 727 689 famulis
740 620 888 706 subveni,

143 730 234 806 Quos
247 729 387 816 pretioso
404 727 562 813 sanguine
577 724 752 790 redemisti.

64 837 66 841 ’
142 833 288 898 Aeterna
310 833 365 898 fac
384 853 459 897 cum
478 828 596 894 sanctis
611 829 675 892 tuis
689 829 724 892 in
738 828 843 915 gloria
857 829 1030 898 numerari.

145 936 279 1001 Salvum
290 935 345 1000 fac
362 934 520 1021 populum
537 941 641 1015 tuum,
651 928 805 1013 Domine,
817 941 849 996 et
860 932 998 997 benedic
1012 932 1102 998 here·

230 1039 325 1104 ditati
340 1047 425 1121 tuae,

142 1143 185 1208 Et
200 1165 276 1230 rege
291 1164 354 1227 eos,
366 1151 399 1208 et
417 1140 537 1206 extolle
552 1140 626 1205 illos
639 1161 741 1227 usque
755 1140 789 1204 in
806 1149 983 1206 aeternum.

143 1247 208 1312 Per
222 1247 366 1334 singulos
383 1246 453 1310 dies
467 1243 692 1309 benedicimus
706 1243 765 1327 Te,
1110 1248 1153 1311 25

142 1351 185 1417 Et
196 1351 368 1416 laudamus
383 1369 503 1413 nomeu
516 1357 608 1413 tuum
621 1348 656 1410 in
667 1347 833 1448 saeculum
845 1357 877 1414 et
889 1349 923 1412 iu
935 1350 1101 1415 saeculum

230 1455 360 1519 saeculi.

141 1557 300 1646 Dignare,
309 1557 462 1640 Domine,
475 1559 528 1624 die
544 1559 607 1624 isto
621 1558 691 1623 sine
707 1565 841 1645 peccato
855 1579 914 1624 nos
929 1559 1101 1624 custodire.

141 1661 298 1727 Miserere
313 1664 424 1746 nostri,
436 1661 590 1746 Domine,
602 1664 755 1729 miserere
770 1663 889 1746 nostri3

142 1764 219 1830 Fiat
233 1767 455 1832 misericordia
472 1777 537 1851 tua,
548 1765 703 1852 Domine,
714 1788 810 1855 super
825 1789 894 1851 nos,

143 1867 431 1946 Quemadmodum
446 1873 645 1957 speravimus
659 1873 696 1936 in
711 1872 767 1938 Te.
1112 1868 1154 1928 30

143 1971 184 2037 In
196 1972 255 2058 Te,
264 1972 418 2059 Domine,
430 1976 575 2062 speravi:
597 1998 662 2041 non
676 1975 861 2042 confundar
875 1977 911 2041 in
923 1983 1102 2042 aeternum.

416 2309 450 2352 11.
473 2308 518 2352 DE
539 2308 693 2354 Pussloun
713 2309 839 2355 DOMINI,

363 2437 536 2526 Hymnum
560 2440 707 2505 dicamus
728 2439 884 2524 Domino,

363 2543 491 2608 Laudes
513 2541 586 2608 Deo
609 2565 686 2608 cum
708 2545 845 2628 cuntic0,

366 2646 432 2722 Qui
454 2668 512 2711 nos
534 2647 638 2712 crucis
661 2648 807 2735 patibulo

366 2750 433 2816 Suo
455 2750 594 2816 redemit
616 2752 783 2840 sanguine.

365 2921 431 2986 Die
453 2922 588 2988 decursa
610 2923 652 2990 ad
676 2946 855 3012 uesperum,

366 3022 440 3099 Qua
462 3024 611 3091 Christus
632 3029 729 3093 morti
752 3028 902 3112 traditur,

364 3129 422 3192 Ad
445 3151 580 3195 coenam
603 3132 692 3196 uenit
713 3132 832 3216 impius

273 3320 280 3338 ι
367 3229 434 3306 Qui
455 3241 525 3298 erat
548 3233 668 3298 Christi
689 3234 844 3320 proditor.

366 3399 457 3466 Iesus
478 3399 592 3466 futura
613 3404 741 3467 nuntiat

366 3503 587 3570 Ooenantibus
609 3504 792 3591 discipulis:

366 3606 490 3675 “Unus
512 3631 552 3675 ex
574 3609 853 3678 discumbentibus

367 3711 443 3800 Ipse
466 3737 519 3781 me
542 3715 719 3781 traditurus
741 3715 818 3782 est.’²
860 3762 863 3768 Δ
