2588 4230
277 491 319 553 20

328 219 391 282 150

637 237 764 283 nauus
786 235 975 282 mutunus·

544 389 600 456 Sic
622 391 736 456 aetatis
758 412 815 455 ver
836 390 999 455 humanae

544 492 727 559 Iuventutis
749 495 856 581 primo
878 514 975 559 mane

553 649 556 656 .
587 596 779 663 Refiorescit
799 596 979 683 paululum.

544 698 644 766 Mane
667 708 777 766 tamen
799 699 861 765 hoc
883 700 1029 766 excludit

544 802 645 869 Vitae
666 825 790 890 vesper,
805 803 885 868 dum
908 804 1076 870 concludit

588 906 702 973 Vitale
724 906 962 994 crepusculum.

546 1133 649 1200 Cuius
671 1134 769 1200 decor
790 1135 871 1200 duni
893 1144 1032 1222 perorat,

546 1237 626 1304 Eius
648 1237 746 1304 decus
768 1260 845 1303 mox
867 1238 1004 1305 deflorat

590 1343 703 1426 Aetas,
719 1343 753 1407 in
776 1364 842 1428 qna
863 1342 986 1408 defluit.

547 1446 603 1511 Fit
624 1445 684 1513 ilos
706 1445 852 1529 foenum,
866 1469 997 1534 gemma
1019 1447 1137 1530 lutum,

547 1549 660 1616 Homo
683 1551 868 1634 ciniS,‹l1nn
890 1551 1050 1616 tributum

440 1648 446 1652 ⁴
591 1653 703 1721 Homo
724 1654 822 1720 morti
844 1654 985 1720 tribuit·

550 1889 652 1957 Onius
676 1891 753 1975 vita,
768 1891 859 1957 cuius
881 1913 949 1958 esse

550 1992 674 2079 Poena,
688 1994 791 2079 laben,
807 2005 840 2062 et
861 2017 990 2062 necesse

566 2089 568 2095 ⁴
593 2100 708 2167 Vitam
731 2108 835 2166 morte
858 2100 1017 2166 claudere.

551 2204 608 2272 Sic
630 2227 716 2271 mons
738 2205 851 2287 vitam,
867 2205 968 2269 risum
990 2204 1106 2288 luctus,

551 2309 680 2376 Umbra
702 2309 800 2392 diem,
816 2315 947 2394 poitum
967 2306 1096 2390 fluctuo,

594 2412 695 2479 Mane
718 2411 840 2477 claudit
863 2433 1004 2498 vespere.

553 2647 595 2712 In
616 2669 675 2713 nos
697 2647 841 2734 primum
864 2647 921 2712 dat
941 2645 1100 2712 insultum

512 2744 515 2750 ’
553 2750 675 2835 Poeno,
690 2752 804 2818 mortis
825 2772 941 2840 gerens
963 2751 1103 2833 vultum,

595 2854 711 2939 Labor,
727 2856 840 2922 mortis
861 2855 992 2921 histrio:

551 2958 623 3025 Noa
643 2959 795 3046 proponit
817 2959 853 3023 in
875 2958 1031 3041 laborem,

553 3061 623 3128 Nos
645 3064 780 3128 assumit
800 3063 836 3127 in
858 3061 1014 3144 dolorem,

596 3165 713 3232 Montis
735 3174 784 3231 est
806 3165 978 3231 conclusio.

554 3396 642 3486 Ergo
664 3399 812 3464 clausum
834 3399 894 3463 sub
916 3397 978 3464 hae
999 3396 1073 3486 lege

555 3501 685 3568 Statum
707 3510 812 3587 tinum,
826 3502 935 3587 homo,
949 3502 1033 3589 lege,

598 3605 705 3671 Tuum
722 3600 790 3672 esse
812 3606 953 3693 respice!
