2588 4230
500 372 504 378 .
515 331 724 378 AMBROSIAM.

332 470 457 548 ¹Quem
479 470 604 536 editum
626 493 668 537 ex
688 472 814 561 virgine

347 573 500 641 Pavesoit
513 570 627 640 'omnis
648 576 768 660 anima,

348 676 414 743 Per
436 699 535 765 quem
556 687 589 744 et
610 700 668 745 nos
690 700 858 767 resurgere

348 779 478 849 Devota
499 791 608 848 mente
631 782 804 866 oredimus,

349 953 415 1032 Qui
436 955 530 1021 nobis
551 977 610 1041 per
632 954 826 1041 baptismata

347 1058 487 1126 Donasti
507 1056 757 1144 indulgentiam,

348 1161 415 1239 Qui
437 1163 632 1228 tenebamur
652 1158 791 1226 vinculis

347 1263 455 1352 Ligati
479 1263 705 1347 eonscientiae,

348 1433 414 1512 Qui
438 1455 567 1501 erucem
589 1441 721 1520 propter
741 1433 907 1502 hominem

349 1540 520 1627 Suscipere
543 1538 695 1626 dignatus
716 1559 759 1622 es,

347 1643 478 1710 Dedisti
500 1651 595 1708 tuum
617 1643 811 1730 sanguinem

346 1748 485 1816 Nostrae
507 1748 618 1813 salutis
640 1747 802 1834 pretium:

346 1920 436 1988 Nam
458 1921 569 1986 velum
591 1921 706 2008 templi
727 1921 862 1987 scissum
884 1930 933 1988 est

347 2024 392 2090 Et
413 2025 519 2091 omnis
542 2034 628 2090 terra
649 2026 794 2108 tremuit,
879 2035 882 2040 ’

348 2127 442 2194 Tune
464 2128 586 2193 multos
607 2127 840 2193 dormientium

348 2229 569 2312 Resuscitasti‚
584 2228 748 2294 Domine:

346 2409 400 2475 Tu
420 2409 521 2474 hostis
543 2407 670 2493 antiqui
691 2408 775 2473 uires

346 2512 414 2598 Per
434 2533 566 2578 orueem
587 2511 700 2577 mortis
723 2511 869 2593 conteris,

347 2616 423 2694 Qua
444 2637 502 2682 nos
524 2616 643 2704 signati
665 2615 831 2683 frontibus

346 2718 518 2787 Vexillum
540 2719 618 2786 fidei
641 2712 817 2805 ferimus3'

345 2893 398 2959 Tu
418 2893 514 2958 illum
537 2915 557 2959 a
578 2894 672 2960 nobis
694 2915 822 2981 semper

346 2997 518 3086 Repellere
541 2999 735 3086 dignaveris,

345 3102 399 3169 Ne
419 3125 567 3190 unquam
587 3103 689 3189 possit
710 3102 838 3168 laedere

346 3205 546 3293 Redernptos
567 3214 623 3271 tuo
645 3206 813 3292 sanguine,

346 3373 414 3450 Qui
435 3383 567 3460 propter
588 3396 647 3439 nos
670 3375 712 3439 ad
734 3372 858 3439 inferos
880 3369 882 3372 ’

344 3477 551 3545 Descendere
573 3477 725 3564 dignatus
746 3499 790 3561 es,

347 3581 397 3648 Ut
417 3583 530 3648 mortis
553 3581 754 3647 debitoribus

344 3685 444 3754 Vitae
465 3687 602 3753 donares
624 3707 776 3753 munera:
