2588 4230
216 314 258 376 96
544 332 667 377 essars
688 332 841 378 niumm.

164 485 206 546 40
260 481 397 567 Quaeso,
409 481 548 567 Christe,
558 481 633 548 Rex
646 483 778 568 invicte,
790 493 827 550 tu
842 507 993 552 succurre
1007 488 1145 555 misero!

217 587 286 654 Sub
302 599 447 654 extrema
462 589 574 654 mortis
589 588 669 654 hora
685 611 761 654 eum
776 590 881 656 iussus
896 592 1017 676 abiero,

215 691 357 758 Nullum
371 693 406 756 in
422 714 476 758 me
491 693 542 758 ius
557 702 695 780 tyranno
709 695 905 780 praebeatur
919 696 1040 783 impiol

261 930 367 998 Cedat
379 932 531 1019 princeps
545 932 764 1016 tenebrarum,
776 933 872 999 eadat
886 956 961 1020 pars
977 934 1134 1002 tartarea!

217 1035 343 1122 Pastor,
353 1057 449 1102 ovem
464 1036 531 1102 iam
545 1035 750 1123 redemptam
761 1045 840 1103 tunc
854 1039 955 1105 reduc
970 1039 1011 1106 ad
1023 1040 1171 1128 patriam,

165 1139 206 1202 45
218 1140 286 1208 Ubi
302 1148 335 1207 te
349 1140 482 1206 vivendi
498 1161 595 1207 eausa
610 1139 764 1230 perfruar
778 1140 813 1206 in
828 1142 976 1209 saecula!

399 1478 404 1488 ⁵
476 1511 510 1556 11.
528 1512 708 1555 mrrrrrurs
730 1510 913 1555 Proculus,

473 1644 641 1712 Paschalis
663 1644 739 1710 festi
761 1645 922 1731 gaudium

476 1747 597 1815 Mundi
618 1749 723 1836 replet
744 1749 923 1830 ambitum3

476 1852 624 1936 (tostum,
639 1851 736 1917 tellus
758 1858 792 1916 et
812 1851 917 1916 maria

475 1955 577 2022 Laeta
597 1962 749 2043 promant
770 1954 917 2020 carmina

474 2058 518 2126 Et
538 2058 685 2125 Alleluia
707 2058 855 2124 consonis

474 2160 689 2228 Modulentur
711 2160 850 2248 organis.

477 2403 573 2472 Solus
594 2403 699 2470 ululet
721 2400 877 2467 Tartarus

476 2506 586 2596 Rapta
608 2507 730 2596 praeda
751 2528 883 2590 vacuus,

475 2611 610 2678 Fractos
633 2619 742 2676 vectes
764 2618 797 2675 et
818 2608 927 2674 ferrea

477 2715 586 2781 Strata
607 2716 714 2801 ploret
736 2714 876 2795 moenia,

475 2816 570 2895 Quae
592 2817 718 2883 subruit
740 2837 798 2880 rex
819 2815 944 2902 gloriae

474 2921 560 2986 Cum
582 2920 679 2986 laude
701 2919 864 2984 victoriae.

477 3165 647 3254 Stupenda
668 3162 722 3230 lex
744 3162 900 3250 mysterii,

474 3269 609 3337 Novum
630 3289 734 3357 genus
756 3268 888 3355 proelii:

475 3374 609 3463 Ligatus
630 3393 730 3439 nexos
751 3371 880 3454 liberat,

475 3478 625 3546 Mortuus
646 3475 801 3560 vivificat,

474 3582 631 3670 Dumque
655 3582 721 3647 vita
742 3580 916 3668 perimitur

474 3686 592 3754 Mortis
614 3707 701 3752 mors
722 3685 870 3752 efficitur.
