2588 4230
258 369 453 414 BERNARDUS
475 369 768 416 CLARAVALLENSIS.

251 517 418 594 Quidnam
441 528 526 605 agat,
542 521 646 586 nescit
667 543 753 605 rere,

250 621 323 687 Neo
345 644 379 686 se
402 623 488 687 valet
511 623 671 708 cohibere,

250 724 392 790 Nullum
414 726 549 791 modum
573 727 629 793 dat
651 729 764 811 amori,

251 827 358 893 Multa
380 839 485 895 morte
509 830 607 896 vellet
629 832 721 912 mori,

293 933 419 999 Amore
441 935 588 1020 quisquis
609 934 759 1000 vincitur.

252 1108 340 1175 Viva
362 1110 468 1174 cordis
490 1132 569 1175 roeo
592 1110 708 1195 clamo,

250 1212 359 1278 Duloe
382 1236 447 1296 oor,
462 1222 495 1278 te
516 1236 659 1299 namque
681 1236 767 1299 ain0,

251 1316 309 1381 Ad
332 1338 387 1382 eor
409 1337 520 1382 meum
542 1317 711 1401 inclinare,

251 1419 300 1486 Ut
322 1442 356 1485 se
378 1422 480 1507 possit
501 1420 665 1509 applicare

293 1523 424 1590 Devoto
446 1525 506 1590 tibi
530 1535 669 1612 pectore.

251 1627 322 1695 Tuo
344 1629 434 1695 vivat
454 1630 490 1694 in
513 1650 633 1712 amore,

249 1731 322 1798 Neo
345 1732 500 1799 dormitet
521 1734 556 1797 in
580 1742 719 1821 torpore,

249 1837 307 1903 Ad
329 1845 362 1902 te
385 1848 464 1921 oret,
480 1837 523 1903 ad
546 1846 578 1902 te
600 1838 715 1924 ploret,

250 1938 298 2006 Te
320 1941 443 2025 adoret,
456 1949 488 2007 te
510 1941 657 2024 honoret,

294 2042 342 2109 Te
363 2044 478 2111 fruens
500 2046 590 2110 omni
613 2055 768 2133 ternpore.

337 2391 382 2436 IV.
405 2390 547 2436 VANITAS
569 2392 685 2436 MUNDI.

222 2521 333 2602 Quum
356 2525 398 2590 sit
421 2525 526 2590 omnis
548 2524 647 2590 horno
669 2524 816 2612 foenum,

220 2626 264 2694 Et
285 2637 359 2715 post
380 2627 519 2695 foenum
541 2627 600 2694 fiat
623 2650 771 2716 coenum,

264 2732 313 2798 Ut
334 2734 425 2819 quid,
437 2732 545 2816 horno,
560 2731 745 2799 extollerist

221 2834 326 2902 Cerne
348 2837 429 2922 qnid
451 2857 485 2901 es
508 2845 541 2902 et
563 2836 645 2922 qnid
666 2837 747 2903 eris:

219 2938 322 3008 Modo
344 2939 403 3006 fios
425 2961 469 3023 es,
484 2949 517 3006 et
541 2940 673 3006 verteris

264 3043 306 3107 In
327 3042 478 3109 favillam
502 3045 628 3110 cinerie.

220 3219 287 3287 Per
308 3231 452 3288 aetatum
475 3223 686 3306 incrementa,

222 3322 331 3390 Immo
353 3326 458 3410 magis
479 3325 685 3405 detrimenta,

264 3428 322 3492 Ad
339 3447 484 3491 non-esse
500 3426 646 3493 traheris.

221 3531 324 3596 Velut
346 3531 471 3613 umbra,
486 3550 589 3615 quum
611 3528 764 3614 declinat,

182 3696 184 3700 .
220 3634 303 3700 Vita
324 3634 427 3722 surgit
449 3642 482 3699 et
502 3632 646 3717 festinat,

265 3737 399 3804 Clandit
420 3745 508 3804 meta
529 3735 663 3804 funeris.
