2588 4230
462 363 624 410 muamus,

196 516 290 603 Meis,
308 525 346 583 ut
367 527 455 605 puto,
471 518 558 584 vitiis
580 517 736 584 Tartarea

196 621 374 688 Tormenta
395 621 508 688 multis
529 644 596 688 nou
617 622 729 706 valent
749 620 906 704 sufficere,

195 725 271 791 Nisi
292 735 470 810 succurrat,
488 725 626 809 Christe,
644 735 701 790 tua
722 725 825 812 pietas

196 828 318 896 Misero
339 830 431 895 milri.

196 995 400 1082 Redemptor
420 994 547 1078 mundi,
564 995 661 1060 unica
683 1015 755 1080 spes
777 994 935 1078 omnium,

195 1099 356 1186 Aequalis
378 1097 471 1164 Patri
494 1099 679 1185 Sancteque
701 1097 849 1184 Spiritui,

195 1204 314 1269 Trinus
335 1211 369 1269 et
390 1224 475 1268 unus
496 1201 589 1269 Deus
609 1201 791 1286 invisibilis,

195 1307 282 1373 Mihi
302 1308 471 1373 succurre!

195 1485 233 1551 Si
254 1507 308 1550 me
330 1485 442 1552 subtili
464 1506 580 1570 pensas
601 1486 662 1550 sub
684 1484 870 1568 libramine,

196 1589 278 1676 Spes
298 1589 335 1653 iu
357 1609 410 1652 me
432 1587 526 1652 nulla
547 1594 696 1653 remanet
717 1586 866 1671 fiduciae,

196 1695 264 1761 Sed
285 1694 433 1780 rogativa
455 1714 509 1758 mc
532 1693 635 1758 salvet
657 1695 805 1780 potentia

194 1798 300 1864 Filius
322 1797 397 1862 Dei.

191 1964 314 2047 Xriste‚
333 1971 366 2028 tc
387 1983 516 2048 semper
537 1970 626 2028 recta
647 1961 714 2028 fide
735 1963 830 2029 labiis

193 2066 378 2150 Confessus,
397 2067 494 2133 corde
517 2067 641 2132 credidi
665 2065 856 2152 orthodoxo,

194 2171 444 2238 Haereticorum
469 2172 589 2258 dogma
610 2169 705 2236 nefas
726 2173 834 2260 respui

193 2274 331 2342 Pectore
352 2297 442 2362 puro.

61 2499 68 2511 .
190 2451 340 2518 Ymnum
363 2451 454 2520 fideli
476 2451 676 2519 modulando
697 2462 831 2540 gutture

192 2558 330 2622 Arrium
352 2577 478 2644 sperne,
494 2557 669 2622 latrantem
692 2556 883 2641 Sabellium,

194 2661 330 2726 Assensi
352 2680 522 2744 nunquam
544 2659 735 2746 grunnienti
757 2659 884 2726 Simoni

195 2763 306 2829 Fauce
328 2783 466 2827 susurra.

195 2932 310 2998 Zelum
332 2952 392 3017 pro
415 2929 537 2996 Christi
559 2951 632 2995 sum
654 2930 776 2998 zelatus
798 2933 939 3019 nomine,

195 3034 285 3101 Nam
307 3041 419 3099 sancta
441 3042 547 3098 mater
567 3034 653 3100 lacte
675 3057 729 3101 me
751 3035 911 3104 catholico

194 3138 338 3225 Tempus
359 3159 419 3224 per
441 3159 538 3204 omne
559 3138 696 3205 nutrivit
717 3137 864 3206 Ecclesia

196 3241 307 3308 Ubere
329 3263 428 3308 sacro.

195 3407 310 3474 Gloria
333 3406 472 3474 Sanctae
494 3406 647 3474 Trinitati
669 3409 786 3474 unicae

196 3509 247 3576 Sit
267 3510 341 3577 Deo
363 3511 466 3595 Patri,
486 3512 617 3597 Genito,
637 3511 811 3595 Paraclit0,

193 3613 280 3680 Laus
301 3636 375 3680 meo
397 3622 489 3680 sonet
510 3616 545 3678 in
568 3638 622 3682 ore
645 3624 838 3703 perpetuum

193 3717 329 3784 Domini
352 3739 488 3804 semper.
