2588 4230
495 352 582 398 num
603 353 828 400 vultuatum

386 507 541 574 Gaudent
563 506 730 596 triumpho
751 510 877 596 perpeti

385 610 562 703 Tormenta
584 613 706 699 quique
727 613 883 696 uicerant,

255 720 259 725 “
385 714 535 790 Quorum
556 737 690 802 gemens
712 717 754 781 ob
776 716 910 781 verbero

385 817 462 884 Vox
482 819 518 883 iu
539 817 648 883 Rama
669 819 859 905 percrebuit.

384 1058 448 1143 Ne,
464 1080 546 1147 grex
566 1059 693 1147 pusille,
710 1057 868 1126 formides

384 1162 510 1229 Dentes
531 1162 634 1229 leonis
656 1161 804 1250 perfidos,

373 1266 499 1333 -Pastor
519 1267 625 1333 bonus
645 1289 724 1333 nam
745 1289 865 1354 pascua

382 1371 488 1438 Vobis
510 1371 603 1437 dabit
625 1371 785 1437 coelestia.

384 1476 523 1564 Agnum
544 1474 611 1541 Dei
633 1477 690 1562 qui
713 1476 889 1542 candidum

384 1580 513 1646 Mundo
535 1580 678 1665 sequeris
699 1582 840 1665 tramite,

384 1683 504 1750 Manus
527 1683 664 1750 latronis
685 1684 804 1771 impias

383 1788 447 1875 Ne,
464 1810 545 1877 grex
566 1789 696 1876 pusille,
713 1788 880 1856 formides.

385 2032 563 2120 Absterget
585 2051 717 2097 omnem
738 2029 918 2118 lacrymam

382 2135 511 2202 Vestris
532 2143 625 2222 pater
647 2135 688 2200 de
710 2135 866 2218 vultibus,

384 2239 475 2306 Mors
497 2241 588 2306 vobis
609 2239 695 2305 ultra
717 2260 783 2304 non
805 2247 910 2322 nocet,

384 2345 484 2411 Vitae
505 2345 644 2432 receptis
665 2344 843 2410 moenibus.

386 2448 453 2527 Qui
475 2451 637 2516 seminent
658 2449 693 2513 in
715 2447 868 2535 lacrymis

385 2552 498 2642 Longo
519 2561 642 2620 metent
663 2553 699 2617 in
720 2553 851 2640 gaudio,

385 2657 488 2724 Genis
509 2657 682 2746 lugentum
705 2656 855 2723 conditor

384 2762 562 2849 Absterget
584 2783 716 2827 omnem
737 2761 926 2848 lacrymam.

385 3003 434 3069 Oi
461 3024 560 3090 quam
582 3003 679 3069 beata
701 3002 815 3068 civitas

385 3106 425 3173 In
448 3129 514 3194 qua
536 3107 723 3193 redemptor
744 3106 884 3190 venitur,

384 3211 538 3298 Natoque
559 3211 685 3298 primae
707 3217 890 3297 martyrum

385 3313 427 3379 In
448 3336 513 3402 qua
535 3315 688 3381 dicantur
708 3312 841 3379 hostiae.

383 3418 565 3506 Nunquam
586 3417 712 3486 vocaris
733 3417 870 3506 parvula

383 3521 425 3587 In
447 3525 616 3590 civitatum
639 3523 794 3606 millibus

383 3626 435 3690 Ex
457 3649 523 3713 qua
544 3649 647 3694 novus
670 3628 737 3694 dux
759 3634 848 3693 ortus
870 3632 928 3708 ost,

383 3728 432 3793 Oi
460 3751 558 3815 quam
580 3731 676 3796 beata
698 3730 830 3796 civitasl
