<?xml version="1.0" encoding="UTF-8"?>
<!DOCTYPE html PUBLIC "-//W3C//DTD XHTML 1.0 Transitional//EN"
    "http://www.w3.org/TR/xhtml1/DTD/xhtml1-transitional.dtd">
<html xmlns="http://www.w3.org/1999/xhtml" xml:lang="en" lang="en">
 <head>
  <title>
</title>
<meta http-equiv="Content-Type" content="text/html;charset=utf-8" />
  <meta name='ocr-system' content='tesseract 3.04.00' />
  <meta name='ocr-capabilities' content='ocr_page ocr_carea ocr_par ocr_line ocrx_word'/>
</head>
<body>
  <div class='ocr_page' id='page_1' title='image "./latinhymnswithe01marcgoog_0177.png"; bbox 0 0 2588 4230; ppageno 0'>
   <div class='ocr_carea' id='block_1_1' title="bbox 195 340 258 404">
    <p class='ocr_par' dir='ltr' id='par_1_1' title="bbox 195 340 258 404">
     <span class='ocr_line' id='line_1_1' title="bbox 195 340 258 404; baseline 0 0"><span class='ocrx_word' id='word_1_1' title='bbox 195 340 258 404; x_wconf 82' lang='lat'>166</span> 
     </span>
    </p>
   </div>
   <div class='ocr_carea' id='block_1_2' title="bbox 520 357 823 413">
    <p class='ocr_par' dir='ltr' id='par_1_2' title="bbox 520 357 823 413">
     <span class='ocr_line' id='line_1_2' title="bbox 520 357 823 413; baseline 0.003 -10"><span class='ocrx_word' id='word_1_2' title='bbox 520 358 650 404; x_wconf 78' lang='lat' dir='ltr'>THOMAS</span> <span class='ocrx_word' id='word_1_3' title='bbox 672 357 823 413; x_wconf 69' lang='lat' dir='ltr'>noemae.</span> 
     </span>
    </p>
   </div>
   <div class='ocr_carea' id='block_1_3' title="bbox 359 507 854 1094">
    <p class='ocr_par' dir='ltr' id='par_1_3' title="bbox 359 507 854 1094">
     <span class='ocr_line' id='line_1_3' title="bbox 362 507 854 595; baseline 0 -22"><span class='ocrx_word' id='word_1_4' title='bbox 362 507 413 574; x_wconf 87' lang='lat' dir='ltr'>Sit</span> <span class='ocrx_word' id='word_1_5' title='bbox 434 509 505 575; x_wconf 87' lang='lat' dir='ltr'>iaus</span> <span class='ocrx_word' id='word_1_6' title='bbox 527 509 633 595; x_wconf 83' lang='lat' dir='ltr'>piena,</span> <span class='ocrx_word' id='word_1_7' title='bbox 649 509 692 574; x_wconf 90' lang='lat' dir='ltr'>sit</span> <span class='ocrx_word' id='word_1_8' title='bbox 713 523 854 592; x_wconf 66' lang='lat' dir='ltr'>sonora·</span> 
     </span>
     <span class='ocr_line' id='line_1_4' title="bbox 361 611 785 695; baseline -0.002 -18"><span class='ocrx_word' id='word_1_9' title='bbox 361 611 413 679; x_wconf 81' lang='lat' dir='ltr'>Sit</span> <span class='ocrx_word' id='word_1_10' title='bbox 435 612 588 695; x_wconf 88' lang='lat' dir='ltr'>iucunda,</span> <span class='ocrx_word' id='word_1_11' title='bbox 603 614 645 678; x_wconf 91' lang='lat' dir='ltr'>sit</span> <span class='ocrx_word' id='word_1_12' title='bbox 666 612 785 679; x_wconf 88' lang='lat' dir='ltr'>decora</span> 
     </span>
     <span class='ocr_line' id='line_1_5' title="bbox 404 715 712 783; baseline -0.003 0"><span class='ocrx_word' id='word_1_13' title='bbox 404 715 526 783; x_wconf 90' lang='lat' dir='ltr'>Mentis</span> <span class='ocrx_word' id='word_1_14' title='bbox 547 716 712 782; x_wconf 88' lang='lat' dir='ltr'>iubilatio:</span> 
     </span>
     <span class='ocr_line' id='line_1_6' title="bbox 359 818 839 906; baseline -0.004 -21"><span class='ocrx_word' id='word_1_15' title='bbox 359 818 513 906; x_wconf 82' lang='lat' dir='ltr'>Namque</span> <span class='ocrx_word' id='word_1_16' title='bbox 536 820 605 885; x_wconf 91' lang='lat' dir='ltr'>dies</span> <span class='ocrx_word' id='word_1_17' title='bbox 627 829 675 885; x_wconf 92' lang='lat' dir='ltr'>est</span> <span class='ocrx_word' id='word_1_18' title='bbox 697 819 839 884; x_wconf 90' lang='lat' dir='ltr'>solennis</span> 
     </span>
     <span class='ocr_line' id='line_1_7' title="bbox 361 923 787 1008; baseline -0.007 -19"><span class='ocrx_word' id='word_1_19' title='bbox 361 923 437 1000; x_wconf 83' lang='lat' dir='ltr'>Qua</span> <span class='ocrx_word' id='word_1_20' title='bbox 458 923 614 989; x_wconf 83' lang='lat' dir='ltr'><strong>recolitur</strong></span> <span class='ocrx_word' id='word_1_21' title='bbox 636 923 787 1008; x_wconf 91' lang='lat' dir='ltr'>perennis</span> 
     </span>
     <span class='ocr_line' id='line_1_8' title="bbox 403 1026 731 1094; baseline -0.009 0"><span class='ocrx_word' id='word_1_22' title='bbox 403 1027 539 1094; x_wconf 79' lang='lat' dir='ltr'>Mensae</span> <span class='ocrx_word' id='word_1_23' title='bbox 561 1026 731 1093; x_wconf 89' lang='lat' dir='ltr'>institutio.</span> 
     </span>
    </p>
   </div>
   <div class='ocr_carea' id='block_1_4' title="bbox 359 1251 866 1837">
    <p class='ocr_par' dir='ltr' id='par_1_4' title="bbox 359 1251 866 1528">
     <span class='ocr_line' id='line_1_9' title="bbox 359 1251 843 1340; baseline -0.004 -22"><span class='ocrx_word' id='word_1_24' title='bbox 359 1252 401 1318; x_wconf 90' lang='lat' dir='ltr'>Iu</span> <span class='ocrx_word' id='word_1_25' title='bbox 423 1253 486 1320; x_wconf 89' lang='lat' dir='ltr'>hac</span> <span class='ocrx_word' id='word_1_26' title='bbox 508 1275 620 1320; x_wconf 89' lang='lat' dir='ltr'>mensa</span> <span class='ocrx_word' id='word_1_27' title='bbox 642 1253 719 1319; x_wconf 87' lang='lat' dir='ltr'>novi</span> <span class='ocrx_word' id='word_1_28' title='bbox 741 1251 843 1340; x_wconf 85' lang='lat' dir='ltr'>Regis</span> 
     </span>
     <span class='ocr_line' id='line_1_10' title="bbox 360 1356 866 1446; baseline -0.004 -23"><span class='ocrx_word' id='word_1_29' title='bbox 360 1357 495 1424; x_wconf 85' lang='lat' dir='ltr'>Novum</span> <span class='ocrx_word' id='word_1_30' title='bbox 516 1357 636 1446; x_wconf 85' lang='lat' dir='ltr'>paseha</span> <span class='ocrx_word' id='word_1_31' title='bbox 658 1379 762 1423; x_wconf 79' lang='lat' dir='ltr'>norae</span> <span class='ocrx_word' id='word_1_32' title='bbox 783 1356 866 1445; x_wconf 86' lang='lat' dir='ltr'>legis</span> 
     </span>
     <span class='ocr_line' id='line_1_11' title="bbox 403 1461 821 1528; baseline -0.005 -2"><span class='ocrx_word' id='word_1_33' title='bbox 403 1461 510 1527; x_wconf 90' lang='lat' dir='ltr'>Phase</span> <span class='ocrx_word' id='word_1_34' title='bbox 533 1471 625 1528; x_wconf 83' lang='lat' dir='ltr'>vetus</span> <span class='ocrx_word' id='word_1_35' title='bbox 648 1463 821 1527; x_wconf 87' lang='lat' dir='ltr'>terminat:</span> 
     </span>
    </p>

    <p class='ocr_par' dir='ltr' id='par_1_5' title="bbox 360 1564 804 1837">
     <span class='ocr_line' id='line_1_12' title="bbox 360 1564 768 1647; baseline -0.002 -19"><span class='ocrx_word' id='word_1_36' title='bbox 360 1564 434 1629; x_wconf 90' lang='lat' dir='ltr'>Iam</span> <span class='ocrx_word' id='word_1_37' title='bbox 456 1573 598 1630; x_wconf 88' lang='lat' dir='ltr'>vetustas</span> <span class='ocrx_word' id='word_1_38' title='bbox 621 1566 768 1647; x_wconf 82' lang='lat' dir='ltr'>novitati,</span> 
     </span>
     <span class='ocr_line' id='line_1_13' title="bbox 360 1667 761 1750; baseline -0.002 -18"><span class='ocrx_word' id='word_1_39' title='bbox 360 1667 489 1733; x_wconf 87' lang='lat' dir='ltr'>Umbra</span> <span class='ocrx_word' id='word_1_40' title='bbox 512 1668 599 1733; x_wconf 80' lang='lat' dir='ltr'>cedit</span> <span class='ocrx_word' id='word_1_41' title='bbox 621 1669 761 1750; x_wconf 79' lang='lat' dir='ltr'>veritati,</span> 
     </span>
     <span class='ocr_line' id='line_1_14' title="bbox 402 1770 804 1837; baseline -0.005 -1"><span class='ocrx_word' id='word_1_42' title='bbox 402 1770 544 1837; x_wconf 82' lang='lat' dir='ltr'>Noctem</span> <span class='ocrx_word' id='word_1_43' title='bbox 565 1771 623 1836; x_wconf 89' lang='lat' dir='ltr'>lux</span> <span class='ocrx_word' id='word_1_44' title='bbox 646 1772 804 1837; x_wconf 88' lang='lat' dir='ltr'>eliminat.</span> 
     </span>
    </p>
   </div>
   <div class='ocr_carea' id='block_1_5' title="bbox 360 2004 940 2096">
    <p class='ocr_par' dir='ltr' id='par_1_6' title="bbox 360 2004 940 2096">
     <span class='ocr_line' id='line_1_15' title="bbox 360 2004 940 2096; baseline 0.003 -25"><span class='ocrx_word' id='word_1_45' title='bbox 360 2005 457 2083; x_wconf 82' lang='lat' dir='ltr'>Quod</span> <span class='ocrx_word' id='word_1_46' title='bbox 479 2005 514 2070; x_wconf 89' lang='lat' dir='ltr'>in</span> <span class='ocrx_word' id='word_1_47' title='bbox 537 2027 639 2072; x_wconf 87' lang='lat' dir='ltr'>coena</span> <span class='ocrx_word' id='word_1_48' title='bbox 661 2004 809 2072; x_wconf 80' lang='lat' dir='ltr'>Christus</span> <span class='ocrx_word' id='word_1_49' title='bbox 831 2006 940 2096; x_wconf 84' lang='lat' dir='ltr'>gessit,</span> 
     </span>
    </p>
   </div>
   <div class='ocr_carea' id='block_1_6' title="bbox 358 2110 828 2600">
    <p class='ocr_par' dir='ltr' id='par_1_7' title="bbox 360 2110 828 2282">
     <span class='ocr_line' id='line_1_16' title="bbox 360 2110 828 2198; baseline 0.004 -22"><span class='ocrx_word' id='word_1_50' title='bbox 360 2110 563 2177; x_wconf 76' lang='lat' dir='ltr'>Faciendum</span> <span class='ocrx_word' id='word_1_51' title='bbox 585 2111 648 2177; x_wconf 93' lang='lat' dir='ltr'>hoc</span> <span class='ocrx_word' id='word_1_52' title='bbox 671 2111 828 2198; x_wconf 81' lang='lat' dir='ltr'>expressit</span> 
     </span>
     <span class='ocr_line' id='line_1_17' title="bbox 402 2213 750 2282; baseline 0.009 -4"><span class='ocrx_word' id='word_1_53' title='bbox 402 2213 444 2279; x_wconf 92' lang='lat' dir='ltr'>In</span> <span class='ocrx_word' id='word_1_54' title='bbox 465 2215 516 2281; x_wconf 89' lang='lat' dir='ltr'>sui</span> <span class='ocrx_word' id='word_1_55' title='bbox 538 2216 750 2282; x_wconf 80' lang='lat' dir='ltr'>memoriam:</span> 
     </span>
    </p>

    <p class='ocr_par' dir='ltr' id='par_1_8' title="bbox 358 2318 768 2404">
     <span class='ocr_line' id='line_1_18' title="bbox 358 2318 768 2404; baseline 0.01 -21"><span class='ocrx_word' id='word_1_56' title='bbox 358 2318 459 2386; x_wconf 89' lang='lat' dir='ltr'>Docti</span> <span class='ocrx_word' id='word_1_57' title='bbox 482 2321 580 2387; x_wconf 84' lang='lat' dir='ltr'>sacris</span> <span class='ocrx_word' id='word_1_58' title='bbox 602 2321 768 2404; x_wconf 87' lang='lat' dir='ltr'>institutis,</span> 
     </span>
    </p>

    <p class='ocr_par' dir='ltr' id='par_1_9' title="bbox 358 2420 821 2600">
     <span class='ocr_line' id='line_1_19' title="bbox 358 2420 821 2508; baseline 0.009 -20"><span class='ocrx_word' id='word_1_59' title='bbox 358 2420 496 2508; x_wconf 86' lang='lat' dir='ltr'>Panem,</span> <span class='ocrx_word' id='word_1_60' title='bbox 513 2425 627 2490; x_wconf 87' lang='lat' dir='ltr'>vinum</span> <span class='ocrx_word' id='word_1_61' title='bbox 650 2426 686 2491; x_wconf 90' lang='lat' dir='ltr'>in</span> <span class='ocrx_word' id='word_1_62' title='bbox 708 2427 821 2494; x_wconf 86' lang='lat' dir='ltr'>salutis</span> 
     </span>
     <span class='ocr_line' id='line_1_20' title="bbox 403 2526 808 2600; baseline 0.01 -8"><span class='ocrx_word' id='word_1_63' title='bbox 403 2526 637 2600; x_wconf 84' lang='lat' dir='ltr'>Consecramus</span> <span class='ocrx_word' id='word_1_64' title='bbox 659 2529 808 2596; x_wconf 87' lang='lat' dir='ltr'>hostiam.</span> 
     </span>
    </p>
   </div>
   <div class='ocr_carea' id='block_1_7' title="bbox 359 2757 984 3348">
    <p class='ocr_par' dir='ltr' id='par_1_10' title="bbox 359 2757 836 2847">
     <span class='ocr_line' id='line_1_21' title="bbox 359 2757 836 2847; baseline 0.008 -23"><span class='ocrx_word' id='word_1_65' title='bbox 359 2757 492 2846; x_wconf 85' lang='lat' dir='ltr'>Dogma</span> <span class='ocrx_word' id='word_1_66' title='bbox 514 2760 611 2825; x_wconf 88' lang='lat' dir='ltr'>datur</span> <span class='ocrx_word' id='word_1_67' title='bbox 634 2759 836 2847; x_wconf 86' lang='lat' dir='ltr'>Christianis,</span> 
     </span>
    </p>

    <p class='ocr_par' dir='ltr' id='par_1_11' title="bbox 360 2861 933 3057">
     <span class='ocr_line' id='line_1_22' title="bbox 360 2861 933 2954; baseline 0.014 -29"><span class='ocrx_word' id='word_1_68' title='bbox 360 2861 458 2938; x_wconf 83' lang='lat' dir='ltr'>Quod</span> <span class='ocrx_word' id='word_1_69' title='bbox 480 2864 516 2926; x_wconf 89' lang='lat' dir='ltr'>in</span> <span class='ocrx_word' id='word_1_70' title='bbox 538 2885 670 2930; x_wconf 89' lang='lat' dir='ltr'>carnem</span> <span class='ocrx_word' id='word_1_71' title='bbox 693 2868 808 2931; x_wconf 85' lang='lat' dir='ltr'>transit</span> <span class='ocrx_word' id='word_1_72' title='bbox 830 2868 933 2954; x_wconf 84' lang='lat' dir='ltr'>panis,</span> 
     </span>
     <span class='ocr_line' id='line_1_23' title="bbox 402 2965 871 3057; baseline 0.009 -26"><span class='ocrx_word' id='word_1_73' title='bbox 402 2965 446 3033; x_wconf 86' lang='lat' dir='ltr'>Et</span> <span class='ocrx_word' id='word_1_74' title='bbox 468 2967 582 3032; x_wconf 80' lang='lat' dir='ltr'>vinum</span> <span class='ocrx_word' id='word_1_75' title='bbox 604 2968 638 3032; x_wconf 88' lang='lat' dir='ltr'>in</span> <span class='ocrx_word' id='word_1_76' title='bbox 658 2969 871 3057; x_wconf 85' lang='lat' dir='ltr'>sanguinem:</span> 
     </span>
    </p>

    <p class='ocr_par' dir='ltr' id='par_1_12' title="bbox 360 3069 984 3160">
     <span class='ocr_line' id='line_1_24' title="bbox 360 3069 984 3160; baseline 0.006 -24"><span class='ocrx_word' id='word_1_77' title='bbox 360 3069 459 3148; x_wconf 81' lang='lat' dir='ltr'>Quod</span> <span class='ocrx_word' id='word_1_78' title='bbox 481 3094 548 3139; x_wconf 92' lang='lat' dir='ltr'>non</span> <span class='ocrx_word' id='word_1_79' title='bbox 571 3072 668 3160; x_wconf 85' lang='lat' dir='ltr'>capis,</span> <span class='ocrx_word' id='word_1_80' title='bbox 684 3072 772 3158; x_wconf 83' lang='lat' dir='ltr'>quod</span> <span class='ocrx_word' id='word_1_81' title='bbox 796 3094 862 3139; x_wconf 91' lang='lat' dir='ltr'>nou</span> <span class='ocrx_word' id='word_1_82' title='bbox 884 3072 984 3159; x_wconf 83' lang='lat' dir='ltr'>rides,</span> 
     </span>
    </p>

    <p class='ocr_par' dir='ltr' id='par_1_13' title="bbox 359 3175 851 3348">
     <span class='ocr_line' id='line_1_25' title="bbox 359 3175 826 3260; baseline 0.006 -21"><span class='ocrx_word' id='word_1_83' title='bbox 359 3175 520 3242; x_wconf 85' lang='lat' dir='ltr'>Animosa</span> <span class='ocrx_word' id='word_1_84' title='bbox 541 3175 652 3242; x_wconf 90' lang='lat' dir='ltr'>firmat</span> <span class='ocrx_word' id='word_1_85' title='bbox 673 3176 765 3260; x_wconf 84' lang='lat' dir='ltr'>fides,</span> <span class='ocrx_word' id='word_1_86' title='bbox 824 3220 826 3225; x_wconf 93' lang='lat'>-</span> 
     </span>
     <span class='ocr_line' id='line_1_26' title="bbox 402 3277 851 3348; baseline 0.007 -5"><span class='ocrx_word' id='word_1_87' title='bbox 402 3277 539 3346; x_wconf 85' lang='lat' dir='ltr'>Praeter</span> <span class='ocrx_word' id='word_1_88' title='bbox 560 3301 670 3345; x_wconf 90' lang='lat' dir='ltr'>rerum</span> <span class='ocrx_word' id='word_1_89' title='bbox 693 3281 851 3348; x_wconf 88' lang='lat' dir='ltr'>ordinem.</span> 
     </span>
    </p>
   </div>
   <div class='ocr_carea' id='block_1_8' title="bbox 361 3500 878 3775">
    <p class='ocr_par' dir='ltr' id='par_1_14' title="bbox 361 3500 878 3775">
     <span class='ocr_line' id='line_1_27' title="bbox 361 3500 786 3589; baseline 0.005 -23"><span class='ocrx_word' id='word_1_90' title='bbox 361 3500 430 3567; x_wconf 83' lang='lat' dir='ltr'>Sub</span> <span class='ocrx_word' id='word_1_91' title='bbox 453 3502 587 3568; x_wconf 83' lang='lat' dir='ltr'>dirersis</span> <span class='ocrx_word' id='word_1_92' title='bbox 610 3504 786 3589; x_wconf 86' lang='lat' dir='ltr'>speciebus,</span> 
     </span>
     <span class='ocr_line' id='line_1_28' title="bbox 362 3603 878 3692; baseline 0.008 -24"><span class='ocrx_word' id='word_1_93' title='bbox 362 3603 472 3690; x_wconf 83' lang='lat' dir='ltr'>Signis</span> <span class='ocrx_word' id='word_1_94' title='bbox 495 3614 606 3671; x_wconf 89' lang='lat' dir='ltr'>tamen</span> <span class='ocrx_word' id='word_1_95' title='bbox 629 3614 662 3671; x_wconf 89' lang='lat' dir='ltr'>et</span> <span class='ocrx_word' id='word_1_96' title='bbox 684 3627 751 3671; x_wconf 91' lang='lat' dir='ltr'>non</span> <span class='ocrx_word' id='word_1_97' title='bbox 774 3606 878 3692; x_wconf 85' lang='lat' dir='ltr'>rebus,</span> 
     </span>
     <span class='ocr_line' id='line_1_29' title="bbox 404 3706 773 3775; baseline 0.005 -2"><span class='ocrx_word' id='word_1_98' title='bbox 404 3706 522 3774; x_wconf 84' lang='lat' dir='ltr'>Latent</span> <span class='ocrx_word' id='word_1_99' title='bbox 543 3730 594 3774; x_wconf 84' lang='lat' dir='ltr'>res</span> <span class='ocrx_word' id='word_1_100' title='bbox 615 3709 773 3775; x_wconf 86' lang='lat' dir='ltr'>eximiae:</span> 
     </span>
    </p>
   </div>
   <div class='ocr_carea' id='block_1_9' title="bbox 0 0 1298 4230">
    <p class='ocr_par' dir='ltr' id='par_1_15' title="bbox 0 0 1298 4230">
     <span class='ocr_line' id='line_1_30' title="bbox 0 0 1298 4230; baseline 0 0"><span class='ocrx_word' id='word_1_101' title='bbox 0 0 1298 4230; x_wconf 95' lang='lat' dir='ltr'> </span> 
     </span>
    </p>
   </div>
  </div>
 </body>
</html>
