2588 4230
484 338 613 385 ‘mom
634 338 786 392 suumne.

274 496 308 561 0
327 491 518 563 memoriale
539 491 653 557 mortis
674 489 821 573 Domini,

70 570 126 641 ἢ·
273 598 375 667 Penio
395 618 502 677 verus,
514 595 617 661 vitam
638 603 804 681 praestans
825 592 963 678 homini,

276 701 413 769 Praesta
433 721 526 767 meae
547 701 652 766 menti
674 699 716 765 de
738 709 772 766 te
793 701 912 784 rivere,

276 804 322 873 Et
341 814 375 873 te
395 804 446 869 illi
467 825 596 891 semper
617 803 713 869 dulce
735 825 856 890 sapere.

278 1026 340 1095 Pie
360 1026 518 1115 polioeno,
532 1025 609 1092 Iesu
629 1024 784 1115 Domine,

279 1130 338 1197 Me
358 1129 568 1196 immundum
590 1132 714 1197 munda
736 1143 793 1200 tuo
815 1137 983 1225 sangiune,

279 1234 382 1301 Cuius
403 1258 470 1302 une
490 1236 578 1302 stille
599 1237 726 1304 salvum
747 1239 858 1308 faeere

246 1340 250 1346 '
280 1338 402 1407 Totum
425 1340 585 1407 mundum
609 1344 681 1428 quit
701 1345 744 1410 ab
766 1347 858 1412 omni
879 1347 1008 1414 scelere.

281 1567 367 1655 Iesu,
382 1592 482 1656 quem
506 1571 649 1636 velatum
671 1596 758 1641 nnne
780 1576 912 1663 aspicio,

282 1673 425 1752 Quando
446 1674 505 1741 fiet
526 1676 609 1741 illud
632 1678 720 1763 quod
743 1687 811 1744 tarn
832 1681 916 1763 sitio,

282 1778 333 1846 Ur
353 1788 386 1846 te
408 1779 552 1846 revelata
574 1803 707 1848 cernens
729 1782 816 1848 faeie

281 1880 367 1949 Visu
388 1883 452 1950 sim
473 1885 587 1950 beatus
609 1892 684 1950 tuae
705 1886 838 1973 gloriae.

375 2315 410 2360 II.
432 2314 469 2359 m
489 2313 586 2359 FESTO
608 2313 760 2359 CORPORIS
781 2315 915 2360 CHRISTI·

336 2446 460 2532 Laude,
475 2445 566 2530 Sion,
582 2446 793 2532 saluatorem,

336 2550 450 2619 Lauda
472 2550 591 2617 ducem
612 2558 645 2617 et
667 2558 828 2637 pastorem

382 2657 424 2722 In
446 2655 578 2743 hymnis
600 2665 634 2720 et
656 2657 807 2721 canticis:

337 2759 507 2839 Quantum
529 2768 630 2846 petes,
646 2767 775 2825 tanturn
798 2759 890 2844 aride,

340 2864 427 2943 Quia
449 2865 554 2930 maior
575 2864 666 2928 omni
688 2863 795 2948 laude,

380 2971 452 3038 Nee
472 2971 608 3036 laudere
630 2970 758 3037 sufficis.

338 3196 460 3264 Laudis
482 3196 594 3263 theme
616 3196 774 3284 specialis,

338 3299 439 3368 Panis
460 3301 553 3366 vivus
576 3309 610 3366 et
631 3300 739 3366 vitalis

342 3428 349 3442 ·
381 3403 494 3470 Hodie
516 3404 725 3492 proponitur3

339 3506 448 3585 Quem
469 3508 505 3573 in
529 3530 638 3575 sueres
660 3528 773 3571 mensa
795 3526 914 3572 coenae

338 3611 469 3679 Turbae
490 3611 632 3677 fratrum
654 3610 824 3675 duodenae

381 3715 507 3781 Datum
529 3736 595 3781 non
617 3713 805 3800 ambigitur.

1052 320 1114 383 165
