2588 4230
436 475 599 521 morosus
621 475 758 520 INCERTI.

369 690 438 734 VIII.
461 691 505 733 DII
526 688 679 734 PASSIONE
700 690 825 734 DOMINI.

316 823 436 910 Ecquis
457 824 551 889 binas
574 823 776 889 columbinas
877 902 880 907 1

359 928 442 992 Aias
464 927 556 992 dabit
578 927 725 993 auimaei

316 1030 364 1096 Ut
386 1031 428 1097 ad
450 1030 570 1096 almam
595 1031 699 1096 erucis
721 1030 866 1118 palmum
933 1052 938 1062 ·

359 1133 476 1200 Erolet
499 1134 662 1217 citissime,

315 1237 356 1303 Iu
379 1261 444 1324 qua
466 1236 557 1303 lesus
580 1247 666 1304 totus
689 1239 803 1322 laesus,

316 1342 415 1407 Orbis
437 1341 645 1424 desiderium,

359 1445 403 1510 Et
424 1446 601 1511 immensus
624 1454 673 1511 est
694 1467 874 1533 suspensus,

316 1548 436 1615 Faetus
458 1549 709 1636 improperium!

316 1721 347 1785 Ο
370 1722 587 1805 001·‚seande;
611 1721 697 1805 Iesu,
712 1721 819 1808 pande

358 1824 512 1891 Caritatis
533 1826 667 1909 viscera,
748 1830 751 1834 ⁴

315 1927 360 1994 Et
380 1927 545 2016 profunde
568 1951 622 1994 rue
643 1928 783 1995 reconde

359 2031 452 2098 Intra
474 2054 565 2098 saera
587 2031 742 2112 vulnera3

315 2134 356 2199 Iu
378 2157 518 2221 superna
540 2157 594 2200 me
616 2156 755 2200 carema

360 2236 492 2303 Colloea
515 2238 693 2318 maeeriae3

315 2339 383 2405 Hie
405 2341 538 2423 virenti,
554 2339 733 2425 quiescenti

358 2443 450 2508 Finis
472 2451 521 2508 est
542 2443 709 2509 miseriae!
794 2445 796 2449 ’

316 2614 347 2678 Ο
369 2614 417 2678 mi
439 2613 540 2698 Deus,
556 2634 647 2680 amor
669 2614 778 2680 meus!

359 2716 453 2783 Tune
475 2739 534 2804 pro
557 2739 610 2783 me
632 2716 772 2804 paterisi

315 2818 447 2906 Proque
468 2821 615 2908 indiguo,
633 2821 738 2886 erucis
760 2819 861 2907 ligne,

359 2923 435 2989 Iesu
456 2924 512 3007 mi,
528 2923 707 3010 suffigerisi

313 3024 382 3093 Pro
403 3025 539 3111 latrone,
555 3024 631 3092 Iesu
652 3026 747 3108 bone,

358 3127 410 3193 Tu
431 3129 467 3192 iu
489 3149 620 3195 erucem
642 3128 786 3194 tolleris?

315 3228 383 3296 Pro
404 3232 544 3316 peccatis
566 3231 648 3296 meis
669 3231 780 3317 gratis,
850 3260 853 3265 ·

358 3333 440 3398 Vita
461 3355 545 3415 mea,
559 3334 716 3398 moreris?

316 3499 394 3566 Non
417 3521 489 3564 sum
510 3503 604 3583 tanti,
619 3499 705 3581 Iesu,
721 3501 836 3584 quanti

359 3603 466 3666 Amor
486 3609 561 3665 tuus
583 3601 750 3682 aestimem

317 3703 413 3770 Heui
437 3725 495 3769 eur
516 3724 577 3790 ego
599 3704 702 3769 vitam
724 3704 818 3792 dego,

361 3807 398 3874 Si
421 3830 476 3875 eor
497 3817 529 3874 te
551 3830 617 3875 non
639 3808 807 3876 redamati
