2588 4230
613 1123 704 1200 XV.

231 1333 233 1339 ’
334 1332 998 1427 THEODULPHUS.

480 1731 516 1774 IN
537 1731 639 1775 RAMIS
660 1729 853 1774 PALMARUM.

233 1863 357 1949 Gloria,
381 1867 453 1932 laus
483 1876 517 1932 et
547 1867 651 1933 honor
681 1867 742 1932 tibi
773 1867 823 1948 sit,
848 1887 905 1930 rex
935 1862 1063 1929 Christe
1095 1883 1143 1928 re·

318 1969 476 2056 demptor,

139 2064 147 2079 ⁸
188 2069 252 2136 Oui
273 2072 399 2158 puerile
423 2074 522 2138 decus
542 2074 680 2159 promsit
697 2073 856 2138 Hosauna
877 2073 979 2158 pium.

187 2173 291 2240 Israel
313 2184 349 2241 tu
371 2197 437 2259 rer,
449 2175 589 2241 Davidis
610 2185 644 2241 et
664 2172 788 2261 inclyta
808 2175 925 2261 proles,

186 2276 332 2344 Nomine
354 2280 411 2364 qui
432 2281 468 2342 in
490 2277 636 2362 Domini,
651 2299 710 2342 rex
730 2278 912 2361 benedicte,
927 2278 1028 2344 venis.

188 2382 308 2449 Coetus
329 2383 363 2446 in
387 2382 521 2448 excelsis
542 2390 576 2448 te
597 2380 710 2446 laudat
732 2380 873 2446 coelicus
895 2383 1001 2448 omnis
1172 2391 1192 2454 5

186 2486 231 2552 Et
253 2486 399 2552 mortalis
420 2487 529 2569 homo,
545 2494 662 2552 cuncta
684 2494 793 2551 creata
815 2486 921 2551 simul.

186 2589 463 2657 PlebsHebraea
484 2589 546 2656 tibi
569 2612 645 2656 cum
666 2590 785 2676 palmis
807 2591 904 2656 obvia
925 2591 1032 2656 venit:

188 2693 274 2758 Cum
295 2717 401 2781 prece,
416 2703 500 2778 voto,
515 2694 647 2781 hymnis
669 2695 824 2760 adsumus
846 2716 922 2760 ecce
943 2695 1014 2760 tibi.

186 2799 236 2864 Hi
257 2800 320 2866 tibi
341 2822 473 2887 passuro
495 2801 664 2867 solvebant
686 2801 799 2867 munia
821 2800 937 2882 laudis,

187 2903 257 2970 Nos
279 2905 341 2970 tibi
362 2906 515 2993 regnanti
536 2907 711 2994 pangimus
735 2926 810 2971 ecee
831 2904 944 2969 melos.
1150 2904 1192 2967 10

187 3008 237 3073 Hi
258 3008 410 3095 placuere
432 3010 513 3092 tibi3
540 3010 668 3097 placeat
690 3009 820 3074 devotio
842 3016 962 3088 nostra,

187 3112 261 3179 Rex
282 3113 346 3199 pie,
361 3134 419 3177 rex
441 3113 594 3196 clemens,
610 3113 663 3178 cui
684 3113 771 3177 bona
793 3118 911 3176 cuncta
931 3111 1071 3197 placent.

188 3216 313 3300 Gloria,
324 3216 395 3280 laus
415 3224 448 3281 et
464 3215 570 3281 honor
586 3215 648 3280 tibi
666 3215 716 3296 sit,
728 3235 785 3279 rex
800 3211 1141 3302 Christeredemptor,

188 3322 251 3388 Oui
273 3320 397 3408 puerile
419 3321 518 3386 decus
540 3319 675 3406 promsit
693 3307 852 3384 Hosanna
870 3317 974 3406 pium.
