2588 4230
271 313 312 378 7⁶2
592 330 719 373 steros
742 330 906 373 rucuxrcs.

270 480 332 564 Ite,
348 481 429 546 dicit
450 479 523 546 Rex
546 479 587 546 ad
610 480 750 565 dextros,
766 503 904 568 reguum
929 481 1010 546 coeli
1032 482 1162 565 sumite,

313 583 413 650 Pater
435 586 525 650 robis
549 585 637 671 quod
659 586 786 671 paravit
808 594 883 650 ante
907 606 1003 650 omne
1025 586 1202 650 saeculum.

270 768 422 834 Karitate
444 770 501 854 qui
524 768 670 834 fraterna
692 791 745 833 me
767 769 893 834 iuristis
915 792 1102 856 pauperem,

219 876 260 938 20
314 872 466 938 Caritatis
484 893 571 937 nune
595 872 779 937 mercedem
802 881 964 959 reportate
987 874 1112 939 divites.

269 1057 362 1123 Laeti
377 1057 505 1122 dicent:
526 1052 676 1138 Quande,
687 1053 824 1138 Christe,
836 1078 1014 1142 pauperem
1032 1069 1064 1125 te
1079 1060 1232 1143 vidimus,

314 1159 371 1244 Te,
386 1158 460 1224 Rex
481 1180 609 1246 magne,
624 1158 677 1223 rel
699 1168 851 1246 egentem
874 1162 1017 1228 miserati
1041 1164 1205 1228 iurirnusl

271 1343 414 1430 Magnus
436 1343 501 1408 illis
524 1344 612 1409 dicet
629 1343 751 1410 Iudex:
776 1369 851 1411 curn
874 1347 1000 1412 insistis
1021 1369 1186 1433 pauperes,

315 1446 731 1531 Panenr‚domum,restem
746 1449 868 1533 danteS,
878 1473 931 1516 me
944 1452 1070 1515 inristis
1080 1450 1231 1515 humiles.

220 1631 343 1698 25Nec
366 1633 508 1698 tardabit
530 1642 563 1698 et
585 1634 721 1698 sinistris
744 1633 835 1718 loqui
858 1634 961 1698 iustus
983 1633 1134 1698 Arbiter:

318 1735 359 1801 In
383 1735 573 1819 Gehennae,
591 1736 768 1819 maledicti,
783 1736 932 1801 flammas
956 1738 1033 1803 hine
1055 1738 1231 1804 discedite!

272 1921 507 1986 Obsecrantern
530 1942 582 1985 rne
605 1920 719 1985 audirc
743 1919 933 2006 despexistis
956 1922 1154 2002 mendicum,

315 2023 415 2090 Nudo
435 2032 555 2088 restem
576 2046 641 2088 nou
662 2023 805 2106 dedistis,
821 2022 1009 2110 neglexistis
1027 2024 1231 2111 languidum.

272 2208 465 2274 Peccatores
480 2208 608 2274 dicent:
628 2206 766 2290 Christe,
779 2206 910 2294 qnando
928 2215 960 2271 te
978 2206 1028 2271 rel
1044 2226 1232 2292 pauperem,

221 2317 262 2379 30
316 2311 374 2397 Te,
386 2311 458 2377 Rex
476 2334 604 2400 magne,
622 2311 673 2377 rel
695 2309 863 2375 infirmum
885 2318 1128 2376 contemnentes
1146 2331 1233 2395 spre-

402 2417 528 2481 rimusl

274 2605 402 2684 Quibus
424 2614 536 2671 contra
553 2606 658 2670 ludex
681 2605 784 2669 altus:
803 2602 1008 2668 Mendicanti
1032 2601 1190 2686 quamdiu

317 2710 424 2796 Opem
447 2706 534 2772 ferre
558 2707 756 2793 despexistis,
774 2728 827 2769 rne
850 2706 1014 2791 sprevistis
1037 2705 1187 2790 improbi.

273 2896 375 2964 Retro
397 2904 492 2961 ruent
514 2903 585 2959 tum
607 2893 719 2958 iniusti
743 2893 834 2980 ignes
856 2893 890 2956 in
914 2902 1094 2979 perpetuos,

316 3001 450 3068 Vermis
468 3019 608 3086 quorum
626 3019 692 3062 non
711 2997 876 3080 morietur,
890 2995 1024 3062 flamma
1041 3020 1102 3063 nec
1120 2999 1232 3065 restin-

403 3105 523 3194 guitur.

223 3299 263 3361 35
275 3277 375 3364 Satan
398 3306 468 3362 atro
491 3317 567 3360 eum
589 3293 745 3359 ministris
768 3313 832 3378 quo
854 3299 984 3357 tenetur
1006 3311 1143 3371 earcere,

317 3401 429 3467 Fletus
451 3400 509 3466 nbi
531 3398 750 3486 mugitusque,
768 3396 906 3462 strident
928 3415 1039 3460 omnes
1062 3393 1225 3458 dentibus.

275 3593 368 3658 Tunc
390 3592 502 3658 fideles
524 3591 566 3656 ad
591 3590 762 3656 coelestem
785 3589 994 3655 sustollentur
1016 3588 1166 3674 patriam,
1211 3637 1213 3639 -

319 3696 441 3762 Choros
463 3696 548 3760 inter
570 3693 760 3780 angelorum
784 3693 876 3781 regni
899 3699 1010 3778 petent
1031 3691 1161 3778 gaudia.
