2588 4230
173 360 238 425 138
439 355 554 421 'nunu
575 377 621 421 mn
640 376 843 422 summonte

342 603 387 647 IV.
410 601 546 644 HYMNUS
568 601 606 643 IN
626 596 725 644 mern
746 600 957 646 Pnnrmosm

376 734 444 813 Qui
464 735 613 823 procedis
634 736 677 800 ab
698 742 846 821 utroque,

377 840 535 906 Genitore
557 839 741 924 Genitoque

336 1029 339 1033 ⁴
421 943 559 1026 Pariter,
575 941 756 1009 Pemelite!

378 1049 495 1116 Redde
517 1048 646 1135 linguas
667 1047 865 1135 eloquentes,

378 1153 447 1219 Fae
467 1151 630 1218 ferventes
652 1152 690 1217 in
711 1163 745 1219 te
766 1147 911 1221 mentes'

421 1256 573 1323 Flamma
593 1265 651 1324 tna
672 1257 783 1325 divite.

378 1442 485 1508 Amor
506 1441 615 1508 Putris
636 1441 790 1529 Filiique,

378 1545 446 1612 Par
466 1547 648 1630 amborum,
663 1555 697 1612 et
718 1547 848 1631 utrique

421 1649 564 1738 Compar
584 1659 618 1715 et
640 1649 833 1715 consimilis:

305 1765 308 1770 ’
379 1754 507 1820 Cuncta
528 1753 642 1840 repleS,
657 1761 775 1818 cuneta
795 1753 900 1837 fovee,

378 1859 479 1924 Astra
501 1858 596 1944 regie,
611 1856 739 1922 eoelum
761 1879 880 1939 meree,
943 1877 945 1881 ’

422 1961 621 2028 Permanene
643 1960 830 2026 immobilis.

379 2145 506 2212 Lumen
528 2143 664 2227 elerum,
678 2142 791 2208 lumen
813 2164 937 2228 carum,

381 2249 589 2316 Intemarum
611 2246 820 2313 tenebrarum

422 2352 558 2442 Effugere
580 2351 763 2440 caliginem.

381 2457 448 2524 Per
469 2467 501 2524 te
523 2457 640 2523 mundi
662 2464 738 2522 sunt
759 2455 929 2539 mundeti3

381 2562 434 2628 Tu
455 2570 627 2649 peecatum
649 2570 683 2627 et
703 2561 829 2648 peceati

423 2665 574 2732 Destruis
595 2664 802 2751 rubiginem..

380 2846 565 2913 Veritatem
587 2853 700 2911 notam
720 2842 814 2926 fecie,

381 2950 426 3016 Et
447 2949 590 3017 ostendis
612 2948 699 3013 vium
720 2949 811 3035 pacis

424 3052 469 3119 Et
490 3053 553 3118 iter
574 3052 734 3134 iustitiae3

382 3158 614 3225 Pervereerum
636 3156 735 3222 eorda
756 3156 849 3240 vitae,

384 3263 451 3330 Sed
469 3264 630 3329 bonerum
653 3260 750 3327 corda
771 3260 857 3326 ditae

425 3365 563 3432 Munere
586 3354 775 3431 scientiae*

383 3549 432 3615 Te
453 3551 589 3616 docente
611 3548 659 3613 nil
682 3549 864 3630 obscurum,

383 3650 432 3717 Te
452 3660 620 3739 praesente
643 3651 691 3715 nil
713 3652 890 3738 impurum,

428 3753 497 3820 Sub
520 3765 577 3821 tua
598 3755 781 3841 praesentia
